4000 5952
621 395 746 457 CAPUT
766 396 802 454 V.
825 393 1105 457 Epidamnium
1127 393 1336 454 ‚numinum
1740 404 1776 457 ut

131 555 149 593 ς
178 530 237 593 ἀλλ’
253 528 300 585 αἰεί
317 526 451 598 δακρύοισι
466 524 627 607 πεφυρμένος
638 531 655 603 ἢ
667 529 708 588 ’πὶ
720 529 860 610 Κορησσὸν

217 616 357 701 ἔρχομαιῆ
370 615 489 695 μεγάλης
499 617 561 688 νηὸν
572 619 597 684 ἐς
608 615 767 697 Ἀρτέμιδος.

178 708 273 791 Αὔριον
288 706 357 768 eiii
373 707 460 785 πάτρη
479 729 512 782 με
524 705 667 774 δεδέξεται·
680 708 706 773 ἒς
718 706 746 766 δὲ
760 706 805 766 σδν
821 706 897 783 ὄμμα

216 797 371 874 ποήσομαι,
386 797 515 876 άρρῶσθαι
528 794 608 875 μυρία
623 798 648 855 α’
659 794 809 875 εὐχόμενος.

446 982 490 1033 tu.
512 971 693 1031 ΑΛΚΑΙΟΥ.

177 1132 313 1214 Ἐχθαίρω
326 1131 371 1191 τὸν
381 1129 508 1209 Ἔρωτα·
524 1127 551 1187 τί
563 1127 613 1207 γδιρ
629 1126 709 1206 βαρὺς
721 1127 768 1185 οὐκ
782 1126 826 1184 ίπὶ
838 1128 918 1203 θῆρας

218 1222 342 1302 ὄρνυται,
356 1220 414 1279 ἀλλ’
426 1222 466 1277 ἐπ’
484 1216 550 1295 ἐμὴν
561 1216 659 1276 λοάολεῖ
668 1213 797 1293 κραδίην,

178 1312 215 1370 'i‘t
229 1311 323 1387 πλέον,
335 1312 357 1368 εἰ
370 1308 425 1376 tei<
439 1308 521 1385 άνδρα
536 1305 710 1386 καταρλέγει;
721 1303 739 1375 ἢ
751 1302 776 1363 τί
790 1302 819 1362 τὸ
835 1303 929 1379 σεμνὸν

218 1400 322 1479 δῃώσας
338 1400 385 1457 ἀπ’
399 1401 464 1474 ἐμῆς
478 1388 556 1455 ἆθλον
570 1395 626 1474 ἔχει
641 1394 770 1475 κεφαλῆς

439 1563 482 1613 ll.
504 1564 647 1608 ΑΔΕΣΠΟΓ
663 1567 700 1607 ti.

182 1711 215 1769 Εἰ
228 1707 286 1776 τοὺς
302 1709 328 1766 ἐν
340 1708 449 1786 πελάγει
462 1705 570 1782 σώζεις,
582 1707 685 1786 Κύπρι,
700 1707 770 1783 κάμὲ
792 1709 832 1765 3¹0,
848 1710 871 1764 g,
887 1718 919 1787 --·,;

219 1795 332 1877 ναυαγὸν
342 1842 352 1873 ,
363 1796 454 1876 φιλίη,
467 1798 550 1855 σῶσον
568 1794 759 1871 ἀπολλύμενον.

431 1968 478 2018 12.
502 1958 711 2018 ΡΟΥΦΙΝΟΥ.

181 2117 360 2196 Λουσάμενοι,
378 2116 496 2196 Πραδίκη
506 2161 514 2190 ,
525 2116 721 2192 πυκασώμεθα,
735 2115 832 2176 καὶτὸν
849 2116 960 2197 ἄκρατον

222 2205 357 2283 ἕλκωμεν,
373 2203 481 2272 κύλικας
492 2205 611 2281 μείζονας
626 2203 769 2284 αἰρόμενον.

182 2292 260 2361 Βαιδς
271 2297 285 2352 ὁ
296 2293 440 2373 χαιρόντων
455 2292 526 2352 ἐστίν
543 2294 610 2371 βίος·
621 2283 677 2351 εἶτα
692 2292 725 2351 τδι
739 2293 817 2352 λοιπδι

221 2385 302 2459 γῆρας
319 2381 446 2454 κωλύσει,
457 2384 503 2440 καί
517 2382 546 2440 τὸ
557 2381 630 2447 τελος
643 2380 764 2449 θάνατος.

424 2552 469 2630 τιν.
492 2542 731 2602 (ΜΛΟΔΗΜΟΥ.
770 2584 775 2593 ,

182 2704 326 2777 Ἑξήκοντα
340 2707 409 2765 τελεῖ
422 2703 532 2784 Χαριτὼ
549 2703 739 2770 λυκαάαντίδας
755 2702 840 2782 ὥρας,

222 2796 279 2852 ἀλλ’
293 2793 332 2853 ἔτι
346 2793 462 2852 κυανέων
472 2792 560 2873 σάρμα
574 2795 646 2868 με’νει
658 2792 822 2871 πλοκάμων,

182 2885 230 2954 κήν
245 2881 359 2963 στέρνοις
371 2881 411 2940 ἔτι
423 2885 497 2942 κείνα
511 2881 544 2940 τά
561 2882 669 2961 λύγδινα
680 2881 762 2940 κώνιον
775 2883 882 2960 μαστῶν

221 2969 347 3043 ἕστηκεν,
364 2970 459 3048 μίτρης
474 2968 561 3047 γυμνά
580 2970 783 3049 περιδρομάδος,

182 3059 226 3117 καί
240 3059 311 3137 χρὼς
323 3058 496 3140 ἀῤῥυτίδωτος
511 3058 548 3117 ἔτ’
563 3057 728 3137 ἀμάροσίην,
746 3057 784 3117 ἔτι
801 3056 883 3118 πειθὼ

221 3156 324 3220 πᾶσαν,
338 3147 377 3205 ἔτι
393 3145 481 3216 στάζει
493 3146 622 3225 μυριάδας
635 3145 764 3227 χαρίτων.

182 3235 262 3295 Ἀλλά
277 3235 370 3301 πόθους
386 3237 517 3312 ὀργῶντας
529 3233 584 3292 ὅσοι
600 3233 637 3311 μὴ
652 3233 755 3315 φεύγετ’
768 3235 892 3313 ἐρασταί,

222 3325 288 3405 δεῦρ’
302 3324 358 3397 ἴτε,
372 3329 418 3396 τῆς
429 3323 506 3382 ἐτέων
522 3323 660 3400 ληθόμενοι
676 3323 792 3388 δεκάδος.

376 3568 381 3574 ¹
438 3495 484 3543 11.
506 3483 713 3543 ΡΟΥΦΙΝΟΥ.

186 3646 313 3724 Εὐρώπης
331 3645 357 3697 *o
374 3644 408 3698 ai]
418 3664 492 3716 ημα,
504 3641 549 3701 καί
564 3641 595 3713 ἣν
610 3641 672 3720 άχρι
686 3640 785 3720 χείλεος
801 3639 880 3719 ἔλθη,

182 3821 281 3883 Semper
296 3823 355 3865 eunt
364 3814 481 3880 lacrymae.
493 3811 569 3877 Cupio
587 3810 696 3876 perjurus
715 3808 815 3872 haberi,

216 3900 274 3952 cras
283 3897 329 3948 uisi
342 3897 423 3946 Diamu
436 3896 518 3945 iimina
527 3902 608 3943 saneta
624 3904 690 3959 peto.

183 3981 262 4031 Patria
270 3997 309 4030 me
318 3980 428 4046 accipiet.
439 3979 505 4029 Citus
515 3978 545 4027 ad
554 3987 594 4027 tua
604 3976 686 4026 iimina
696 3993 800 4034 currem,

216 4070 246 4116 Et
254 4076 362 4132 repetam
374 4073 469 4115 eentum
481 4063 580 4113 nucibus
587 4062 646 4111 illud
660 4078 712 4110 are.

501 4214 538 4245 10.
558 4211 645 4244 unm.

185 4334 225 4379 Est
234 4331 289 4379 odio
302 4329 360 4377 mihi
377 4345 450 4378 sacrm
464 4333 549 4378 Amor.
564 4310 806 4378 Curnulia⁰ieraruur

217 4415 339 4479 Corpora,
354 4411 394 4460 sul
406 4411 459 4460 teiis
468 4427 510 4460 cor
524 4410 586 4475 petit
599 4425 673 4475 usqne
682 4412 780 4457 meum?

185 4495 248 4559 Quid
266 4504 314 4544 tam
326 4493 431 4559 grande,
441 4493 519 4541 uirum
528 4491 547 4541 si
557 4490 668 4541 scitdeus
678 4506 756 4548 urere,
768 4489 805 4539 uei
821 4504 874 4555 qrte

217 4582 343 4644 Exspectat
354 4585 435 4626 nostro
448 4573 544 4641 premia
554 4573 584 4622 de
594 4573 692 4639 capite?

497 4712 535 4746 11.
551 4711 661 4744 incanui.

184 4836 255 4884 Alma
267 4838 361 4896 Venus,
377 4849 456 4884 aercae
467 4832 487 4882 οἱ
499 4849 558 4898 quos
569 4847 635 4881 mare
642 4832 725 4896 jactat,
734 4830 822 4879 amoris

217 4915 387 4983 Naufragum
399 4917 470 4967 terrie
484 4916 542 4982 quin
550 4915 594 4964 tibi
604 4930 686 4963 terror
697 4917 760 4977 ego?

498 5067 536 5103 12.
560 5067 655 5100 BUHM·

185 5187 325 5249 Sumamua,
337 5182 436 5234 modice
448 5181 457 5245 (
464 5192 518 5227 nam
532 5179 632 5232 lauimus
646 5176 744 5243 umbo),
756 5190 855 5225 coronae

1003 533 1059 595 sed,
1076 532 1183 585 lacrimis
1195 547 1291 598 semper
1305 533 1425 595 foedatus,
1440 535 1479 584 vei
1493 533 1525 585 ad
1539 535 1670 585 Coreeeum

1033 620 1107 683 abeo,
1122 621 1161 671 vel
1173 635 1268 686 magua
1281 621 1314 671 ad
1325 621 1445 686 tempium
1460 621 1554 671 Dianae.

1003 709 1064 758 cres
1072 721 1132 759 vero
1143 709 1221 773 patria
1234 722 1274 759 me
1289 709 1404 773 recipiet,
1421 709 1454 758 ad
1467 712 1590 773 tuurnque
1600 703 1714 759 oenium'

1035 796 1167 859 adnotabo,
1179 798 1266 848 millies
1275 799 1357 849 coiere
1371 800 1396 848 te
1409 800 1506 861 optans.

1316 969 1351 1013 10.
1370 964 1483 1013 Ancffil.

1005 1108 1052 1158 Odi
1066 1113 1202 1180 Amorem-2
1217 1123 1263 1160 cur
1273 1110 1339 1160 enim
1350 1111 1397 1161 ille
1407 1112 1488 1175 gravis
1500 1126 1548 1162 uon
1560 1113 1585 1162 in
1599 1111 1665 1162 serae

1035 1196 1138 1261 ingruit,
1154 1197 1198 1248 sed
1210 1211 1294 1249 meum
1306 1200 1406 1264 mgittut
1420 1204 1479 1250 cor?

1006 1282 1073 1339 Quid
1085 1297 1171 1347 porro,
1186 1285 1207 1334 si
1217 1283 1279 1335 deno
1295 1285 1378 1336 exurit
1392 1285 1541 1335 virumiaut
1552 1285 1620 1348 quod
1631 1283 1789 1349 magnifieum

1036 1373 1310 1436 certaminis-ptumum
1323 1371 1355 1423 de
1364 1386 1420 1423 meo
1432 1372 1511 1437 capite
1524 1372 1623 1423 devicto
1635 1370 1726 1423 habeti

1293 1543 1330 1589 ii.
1353 1547 1510 1592 duonum.

1006 1695 1031 1744 si
1042 1695 1067 1744 in
1082 1695 1143 1745 mari
1158 1695 1298 1760 nauigantes
1311 1708 1408 1757 servas,
1421 1695 1508 1758 Cypri,
1519 1708 1558 1745 me
1573 1707 1673 1757 quoquc
1686 1692 1710 1743 in
1724 1696 1788 1747 terra

1037 1782 1300 1848 naufragum,amica,
1316 1785 1548 1847 corruperenntem.

1319 1964 1355 2009 ta.
1369 1961 1483 2009 RUFINI.

1008 2103 1297 2166 Postquam-laverimus,
1315 2103 1432 2165 Prodico,
1443 2117 1597 2167 coronemur,
1608 2107 1634 2155 et
1646 2118 1743 2156 morum

1039 2191 1172 2252 ducamus,
1186 2191 1277 2254 pocula
1287 2191 1410 2255 capientes
1422 2191 1523 2252 majore.

1007 2279 1091 2329 Brevis
1107 2279 1267 2343 gaudentium
1283 2282 1322 2329 est
1335 2278 1400 2338 viter,
1417 2277 1474 2329 dein
1488 2283 1570 2329 cetera

1039 2370 1153 2417 senectus
1168 2365 1296 2429 impediet,
1313 2368 1338 2416 et
1352 2364 1451 2415 tandem
1465 2380 1540 2416 moro.

1284 2553 1320 2600 13.
1338 2551 1521 2598 Pultoni-'nti

1008 2716 1136 2781 sexagena
1152 2715 1226 2780 exigit
1240 2714 1340 2765 Charite
1356 2727 1438 2765 annua
1450 2717 1574 2778 tempora,

1040 2804 1083 2854 sed
1096 2802 1178 2853 adiruc
1193 2815 1340 2866 cyreneorum
1352 2816 1434 2865 syrma
1446 2804 1529 2851 manet
1539 2802 1656 2865 crinium,

1008 2892 1066 2942 etin
1077 2895 1174 2955 pectore
1190 2890 1272 2940 adhuc
1284 2890 1319 2940 illi
1329 2889 1426 2940 candidi
1440 2902 1603 2940 mammarum
1615 2892 1670 2940 coni

1039 2983 1118 3042 simu,
1128 2979 1201 3029 mitre
1213 2978 1274 3029 nudi
1282 2977 1434 3043 ambigente3

1008 3068 1122 3131 cutisque
1135 3081 1183 3117 uon
1198 3080 1287 3131 rugosa
1302 3064 1384 3117 adhue
1395 3065 1555 3129 ambrosiam,
1566 3064 1648 3117 edhue
1657 3066 1761 3119 suadem

1040 3160 1151 3219 omnem,
1162 3154 1245 3206 adhue
1257 3154 1333 3207 stillat
1341 3154 1475 3218 graduum
1486 3153 1616 3218 myriades.
1708 3155 1789 3219 [torm.

1008 3244 1170 3309 Agiteigittrr,
1178 3246 1301 3307 quotquot
1312 3243 1435 3307 turgentia
1442 3242 1564 3293 desideria
1577 3257 1627 3294 uon
1636 3244 1721 3309 sugitis
1729 3259 1785 3295 anm

1039 3331 1090 3381 hnc
1102 3332 1149 3394 ite,
1163 3331 1238 3393 nujus
1249 3344 1371 3381 annorum
1379 3329 1479 3381 decadis
1493 3329 1575 3381 obiiti!

1320 3497 1356 3543 ii.
1374 3496 1488 3544 nentur.

1007 3648 1113 3709 Europe
1122 3643 1245 3704 omnium,
1257 3646 1283 3693 et
1291 3657 1369 3706 quum
1379 3657 1459 3706 usque
1469 3642 1501 3692 ad
1509 3643 1603 3694 labium
1615 3644 1739 3708 pervenit,

1042 3806 1162 3870 Plenaque
1175 3803 1287 3852 ducamus
1298 3802 1395 3866 grandia
1407 3802 1475 3867 pocla
1489 3802 1558 3853 meri.

1010 3896 1103 3947 Gaudio
1119 3910 1172 3960 que
1189 3894 1279 3960 patitur
1291 3894 1340 3943 ritu
1354 3892 1482 3943 ambreris
1498 3892 1570 3941 :inde
1581 3903 1691 3944 senectui

1044 3980 1161 4048 Impedit,
1177 3988 1202 4028 et
1209 3978 1281 4029 [inem
1293 3992 1357 4026 more
1367 3977 1465 4026 inimica
1477 3975 1542 4025 iacit.

1293 4130 1330 4176 13.
1353 4140 1503 4174 rnrconrut.

1009 4286 1055 4332 Sex
1068 4280 1145 4330 decies
1160 4278 1314 4341 Charitojuru
1323 4276 1421 4339 jamque
1434 4280 1557 4337 peregerat
1568 4286 1657 4324 annon

1043 4369 1073 4414 Et
1088 4374 1158 4414 tenor
1168 4369 1204 4410 est
1218 4360 1304 4424 nigre,
1314 4356 1356 4420 qui
1369 4355 1414 4404 suit
1426 4362 1481 4403 aute
1491 4389 1498 4412 ,
1508 4368 1590 4403 come.

1010 4452 1078 4499 sunt
1091 4447 1164 4496 etiam
1179 4453 1250 4493 rectu
1261 4441 1332 4489 niveo
1344 4439 1388 4488 sub
1400 4447 1497 4504 pectore
1508 4451 1631 4499 rriumme,

1043 4531 1102 4579 Cum
1117 4523 1251 4591 strophium
1262 4521 1369 4575 nulium,
1384 4535 1432 4585 quo
1447 4527 1582 4574 teneantur,
1596 4516 1698 4571 habent.

1010 4615 1062 4663 Nec
1073 4606 1225 4674 rugosucmu
1241 4602 1406 4668 :cundelaque
1420 4602 1491 4651 durat
1508 4610 1532 4651 et
1549 4600 1597 4650 orie

1043 4702 1169 4758 Cinnama,
1179 4706 1203 4747 et
1220 4694 1351 4747 innumeris
1361 4692 1445 4744 Gratia
1461 4693 1526 4742 culta
1536 4690 1605 4757 J'oeir.

1010 4785 1136 4844 Herodes,
1148 4783 1228 4833 nulius
1242 4796 1300 4847 quos
1310 4778 1368 4843 ignis
1380 4777 1480 4839 adussit,
1492 4785 1609 4839 amantes,

1043 4868 1116 4932 Queis
1128 4866 1197 4916 iaeiie
1208 4879 1326 4915 annorum
1338 4878 1387 4911 non
1400 4861 1536 4910 meminisse
1547 4860 1638 4910 decem.

1325 5021 1362 5070 rt.
1381 5027 1478 5060 aurini.

1009 5171 1115 5239 Europes
1125 5172 1235 5238 equidem
1248 5178 1304 5219 sunt
1314 5166 1394 5217 oscula
1405 5161 1494 5226 dulcia,
1507 5169 1601 5212 tantum
