3960 6162
701 283 746 363 'IN
768 282 894 344 CAPUT
914 283 966 343 Vll
990 284 1217 349 tumulltu).

165 424 238 476 gerres
251 414 332 462 Laert.
346 412 475 477 promm.§
489 417 501 462 ί
520 434 525 462 :
540 416 772 474 subternotavimus
785 416 895 480 Φαληροῖ
907 417 948 465 καί

165 483 230 543 αὐτῷ
243 483 406 545 ἐπιγεγράφθαι
416 483 506 534 τόδετὸ
518 486 628 545 ἐλεγεῖον·
644 486 804 548 Εὐμόλπου
817 489 867 536 κτλ.
876 486 949 539 coni.

165 553 271 601 Pausan.
284 555 303 612 l,
315 558 354 614 15,
365 558 388 602 0.
400 552 438 602 lid
447 553 559 616 Papium
570 554 645 604 retert
657 554 704 604 lroo
715 557 741 605 et
754 567 860 618 sequeus
872 554 948 619 epigr.

165 623 344 673 Schneidewin.
367 636 391 687 p.
408 627 448 674 ts.
465 643 476 665 ν
494 624 586 675 Gallice
600 626 675 677 vertit
693 629 718 676 et
734 625 842 677 illustrat
852 627 948 677 Daoier.

166 694 232 745 llist.
245 694 320 745 arad.
333 698 423 746 inserr.
434 695 452 745 t.
464 697 551 747 libitll
558 734 566 757 ,
575 710 600 760 p.
613 701 668 747 901.
681 717 694 741 ν
706 698 735 746 B.
746 725 773 734 --
788 704 802 747 2
818 696 854 749 sie
869 697 949 759 Plau,

165 779 239 829 quem
247 770 386 829 sequuntur
394 767 500 818 Brunoi.
510 768 536 818 et
545 767 633 828 Boiss.;
644 784 765 830 μουσαιιον
773 767 827 830 (sio)
836 768 950 831 φθιμένων

165 835 285 896 eodem
305 836 387 901 posito
400 850 474 901 super
488 840 596 902 utraque
613 856 643 889 ο.
658 841 696 890 De
715 838 811 902 uulgari
829 837 951 903 scriptura

165 911 218 959 iae.
229 928 235 959 ι
247 928 259 951 ι
274 911 401 972 ingratum
412 907 556 971 asyndeton,
566 909 632 972 quod
639 909 689 961 leni
697 908 833 960 mutatione
843 907 951 960 admissa

164 980 310 1041 mutataque
329 976 487 1030 disfinebone
509 979 605 1030 mollire
626 982 729 1031 conatus
749 994 814 1031 sum.
833 983 950 1032 ceterum

164 1045 230 1097 inter
241 1046 347 1110 syllabas
358 1064 384 1098 ον
394 1051 421 1098 et
431 1050 491 1099 auin
499 1049 590 1101 Codice
596 1049 727 1101 miubaum
735 1050 845 1102 interest.
856 1071 868 1095 ν
879 1050 951 1102 Geni·

166 1118 233 1169 tiras
246 1120 369 1170 Μουσαίου
383 1123 491 1184 φθιμένου
503 1122 579 1173 etiam
590 1121 616 1172 in
628 1122 735 1187 Diogene
748 1123 836 1174 Cobeti
852 1123 949 1189 legitur,

165 1189 270 1241 tortasse
283 1204 314 1241 aa
328 1189 407 1252 libris,
422 1192 597 1256 epigrammate
609 1192 645 1243 ita
658 1193 774 1245 (ίίοίίυοίο
789 1215 797 1246 2

229 1326 355 1388 Εὐμόλπου
365 1325 429 1387 φίλον
442 1325 493 1374 υίδν
505 1325 554 1388 ἔχει
567 1326 594 1375 τό
608 1326 742 1390 Φαληρικὸν
752 1325 836 1389 οὖδας,

258 1395 384 1446 Μουσαίου
396 1395 506 1458 φθιμίνου
523 1394 595 1458 σῶμ’,
604 1397 650 1446 bad
660 1397 720 1461 τῷδε
730 1396 806 1461 τόφῳ.

195 1525 306 1575 mcxvi.
316 1527 416 1574 Lemma
427 1538 434 1572 ε
446 1523 533 1587 ὁμοίως
546 1525 615 1588 (item
623 1524 762 1589 detonaret)
773 1528 805 1582 είς
815 1530 886 1578 Λίνον
895 1525 949 1587 (sio)

162 1597 269 1647 τθνυίόν
286 1595 438 1654 liniamenti<
462 1594 586 1659 Οιίρανίας.
606 1594 728 1658 Diogenes
746 1598 827 1647 Laeli.
845 1608 949 1660 protem.

165 1667 180 1731 §
194 1671 209 1716 i
224 1688 229 1716 :
245 1668 285 1716 τὸν
299 1667 370 1716 Λίνον
383 1668 520 1723 πλουτῆσαι
533 1667 556 1716 iu
569 1666 658 1731 Εδόοίφ
670 1667 804 1724 τοξευθέντα
817 1670 862 1717 bui
875 1667 952 1716 Ἀπόλ-

162 1739 235 1792 inve<
250 1739 290 1785 καί
305 1736 369 1798 αότῷ
383 1736 556 1799 ἐπιγεγράφθαι·
571 1734 639 1785 Ὧδε
658 1736 698 1785 tel
709 1737 779 1786 'liae
798 1736 883 1787 Λίνον
899 1738 947 1785 κτλ.

164 1829 176 1851 ι
189 1808 281 1858 Gallice
289 1811 469 1858 oourersumet
477 1808 627 1859 illustratum
638 1807 669 1858 ab
677 1808 760 1859 eodem
774 1808 832 1858 ibid.
841 1821 867 1873 p.
876 1810 930 1859 909.
938 1828 949 1851 ν

163 1882 221 1931 Bm
237 1885 244 1928 1
256 1880 302 1928 ὧδε
310 1877 371 1929 cod.
381 1882 406 1928 et
415 1877 530 1943 Diogenis
541 1878 598 1928 libri
608 1878 725 1942 quidam;
737 1881 778 1937 ἥδε
793 1880 871 1940 Plan,
880 1882 906 1929 et
916 1876 955 1928 sie*

146 1950 188 2024 ‚in
202 1949 271 2013 Diog.
288 1949 366 2001 edidit
377 1948 475 2011 Cobet,
488 1947 556 2013 quod
567 1948 633 1999 lraud
648 1948 723 1998 dubie
738 1964 832 2001 rerum.
843 1977 874 1986 —
886 1956 899 1999 1
910 1950 949 1999 ib·

162 2023 274 2084 στέφανον
288 2022 356 2072 Plan.
371 2019 494 2071 Hesiodus
504 2021 591 2085 fragm.
605 2021 741 2082 9410197)
757 2041 763 2070 ι

226 2149 331 2211 Οὐρανία
342 2137 412 2208 d'dp'
424 2147 500 2196 ίτικτε
512 2146 583 2197 Λίνον
599 2147 745 2209 πολυήρατον
757 2148 815 2196 υἱόν.

194 2276 319 2343 polivit.
338 2275 439 2323 Lemma
455 2292 462 2322 ε
478 2272 565 2336 ὁμοίως
578 2274 609 2328 είς
622 2273 704 2336 Ὀρφέα
714 2274 754 2322 τόν
771 2277 862 2336 Θρᾷκα.
880 2273 949 2338 Diog.

165 2350 193 2397 L.
203 2358 306 2409 protam.
319 2342 333 2407 §
344 2349 358 2393 5
370 2361 377 2392 ·.
388 2347 469 2392 τοῦτον
482 2343 547 2404 όμίν
560 2344 629 2405 μῦθος
640 2346 686 2392 ὑπὸ
695 2350 812 2405 γυναικῶν
823 2345 950 2395 ἀπολέσθαι

165 2416 234 2478 φησί·
247 2417 274 2464 τό
288 2415 308 2464 δ’
318 2415 342 2464 έν
352 2413 404 2476 Δίῳ
415 2418 457 2472 τῆς
470 2412 615 2469 Μακεδονίας
625 2414 768 2477 ίττίγραμμα,
778 2416 951 2477 κεραυνωθῆναι

164 2486 244 2543 αὐτὸν,
258 2486 325 2547 λόγον
338 2485 421 2540 οὕτως·
433 2484 551 2548 θρὴίκα
572 2485 621 2531 κτλ.
636 2502 648 2525 ο
662 2483 754 2534 Gallice
768 2497 913 2534 conversum
927 2488 952 2537 θί

163 2556 314 2608 illustratum
325 2554 448 2606 abeodem
456 2553 516 2604 ibid.
524 2568 548 2619 p.
558 2559 612 2604 300.
625 2574 636 2597 ν
648 2555 681 2605 Β.
691 2581 722 2591 -
733 2562 756 2605 2.
768 2554 901 2605 Pausanias
908 2558 950 2618 lli,

166 2632 197 2679 30
211 2648 217 2676 r
229 2629 276 2678 είσί
284 2628 345 2678 aba!
358 2644 415 2691 ροισι
426 2627 592 2692 κεραυνωθέντι
604 2627 650 2675 ὑπὸ
663 2631 705 2675 τοῦ
717 2629 769 2676 θεοῦ
782 2627 898 2688 συμδῆναι
909 2628 952 2687 τὴν

164 2701 273 2758 τελευτὴν
286 2699 569 2764 Ὀρφεῐεκεραυνωθῆναι
584 2697 609 2747 δὲ
623 2697 693 2747 αὐτόν
709 2702 755 2747 τῶν
771 2697 847 2760 λόγων
859 2699 952 2763 είνεκα,

164 2770 330 2822 brittinorum
345 2770 369 2821 iv
384 2773 433 2825 τοῖς
445 2767 580 2833 μυστηρίοις
593 2768 621 2818 οὗ
638 2768 748 2833 πρότερον
762 2768 893 2828 ἀκηκοότας
910 2770 953 2819 ἀν·

165 2842 278 2907 θρώπους.
290 2840 364 2892 coni.
378 2839 503 2913 Hpginum
519 2841 588 2891 Poet.
600 2840 697 2890 asban.
714 2841 747 2901 ll,
758 2843 781 2889 7.

195 2982 331 3032 ouxvlll.
351 2982 451 3030 Lemma
466 3000 472 3028 :
487 2978 574 3043 ὁμοίως
589 2979 622 3033 τίς
639 2977 783 3028 ίίλεόόουλον
795 2979 835 3028 τὸν
849 2977 950 3027 Λίνδιον.

164 3052 245 3104 Habet
255 3051 326 3114 Diog.
337 3052 365 3099 L.
379 3051 399 3112 l,
411 3055 450 3102 93.

197 3200 306 3249 bcxlx.
323 3200 424 3248 lemma
437 3216 444 3246 ι
457 3196 546 3260 δμοίως
558 3198 590 3252 τίς
601 3195 742 3258 Περίανδρον
762 3194 802 3243 τόν
823 3194 950 3257 Κορίνθιον.

165 3269 237 3334 mog.
252 3272 279 3320 L·
295 3271 357 3331 1,οο
371 3288 379 3318 ε
392 3268 507 3332 Κορίνθιοι
518 3266 556 3317 ist
567 3283 589 3314 τι
603 3265 736 3324 κενοτάφιον
747 3264 952 3328 έπέγραψαναότῷ

164 3342 226 3393 τόδε·
237 3341 377 3393 Πλούτου
386 3338 577 3401 arb—lamias
587 3335 773 3397 cedmiel-um
784 3334 951 3398 Βίας-λάμ·

164 3414 246 3478 pinio:
257 3411 396 3473 iaoobsius,
406 3412 432 3461 et
443 3410 479 3462 sie
492 3410 580 3460 cobet.
593 3408 618 3457 in
629 3407 710 3470 Diog,
721 3406 764 3455 ubi
772 3406 846 3469 rulgo
856 3406 952 3465 κόλποις

164 3484 300 3548 ίγχιάίοις,
313 3484 343 3533 ut
354 3482 380 3532 ln
394 3480 494 3533 codiee.
508 3480 588 3533 Boias.
601 3500 607 3529 :
622 3499 634 3523 ι
645 3479 725 3528 liutai
741 3476 781 3526 rir
792 3475 893 3537 doetus,
908 3475 952 3527 sed

164 3553 255 3619 poterit
266 3559 296 3616 γῆ
317 3552 405 3604 reterri
419 3551 451 3603 ad
466 3565 557 3603 nomen
578 3550 693 3614 πατρίς.»
708 3544 782 3597 ilaad
799 3544 890 3608 dubie,
907 3545 952 3598 sed

164 3624 212 3676 sila
223 3626 277 3675 tura
292 3625 386 3674 restant
397 3621 562 3673 ineommoda.

196 3768 289 3819 DOXX.
308 3769 410 3817 Lemma
422 3786 428 3816 :
440 3768 472 3822 είς
482 3764 521 3814 τόν
535 3762 605 3813 αὐτόν
619 3761 759 3827 Περίανδρον
770 3761 810 3811 τόν
821 3758 951 3824 Κορίνθιον.

163 3845 202 3894 lix
214 3840 286 3905 Dieg.
299 3843 320 3904 l,
339 3844 380 3902 97,
390 3838 433 3903 qni
444 3838 498 3902 ejas
519 3835 629 3899 ἀτύχημα
642 3835 669 3886 et
682 3834 789 3884 mortem
802 3845 834 3883 es
845 3843 952 3882 mamre

3 3952 5 3977 ;
163 3916 248 3965 narrat
262 3913 328 3978 §95.
344 3943 376 3960 -
391 3918 400 3963 1
417 3914 477 3968 τίνος
491 3908 553 3960 Cod.
567 3936 598 3949 -
611 3915 634 3958 i.
653 3926 665 3950 ι
682 3906 803 3957 Molestus
827 3901 950 3967 sigillatis·

57 3978 61 3983 ’
163 3999 230 4036 mus.
243 3983 327 4035 Scribe
338 4004 345 4034 ι
358 3984 406 4035 σία
416 3985 499 4034 δίδωσι
513 3981 632 4044 θεός,μ10
644 3979 702 4029 οίσι.
714 3998 726 4021 ν
739 3974 817 4027 aori.
827 4002 857 4013 -
868 3977 883 4024 θ
894 3973 952 4024 ἁπέ·

165 4057 217 4107 σόει
229 4053 291 4105 (lod.
305 4059 355 4105 -ts
372 4052 501 4118 πρηξιοςῆς
513 4050 584 4115 Diog.
597 4048 797 4110 0150111.,ἣνίθ.
811 4043 874 4096 cna

198 4217 305 4268 Dcxxl.
323 4217 424 4265 Lemma
439 4233 446 4263 ι
461 4214 494 4269 τίς
513 4213 645 4275 Σοφοκλέα,
662 4211 691 4261 οὔ
709 4211 750 4260 τὸν
766 4209 808 4265 τὰς
823 4208 952 4271 τραγῳδίας

166 4291 303 4354 γράψαντα,
314 4286 373 4336 ἀλλὰ
384 4287 437 4334 τινὰ
447 4284 525 4334 ἄλλον.
537 4303 548 4325 ν
560 4285 665 4332 carnaea
677 4279 869 4337 subobscurum,
883 4277 953 4328 iutile

168 4364 194 4414 et
207 4360 362 4421 zusammen,
377 4358 487 4419 correpta
502 4355 523 4403 λι
537 4352 629 4417 syllaba
643 4352 669 4401 in
684 4351 817 4400 aelirum«
834 4347 911 4400 aori.
921 4375 953 4387 -

171 4427 339 4487 1ᾰῑδοςήλθον
360 4425 427 4475 Plan.
445 4444 457 4467 ι
471 4424 560 4481 'Enim
581 4421 649 4472 lraud
665 4420 740 4471 dubie
762 4419 954 4484 proiecissent

167 4503 275 4553 ίοθαινον
287 4495 333 4546 od.
347 4497 377 4556 0,
391 4499 446 4546 ota.
455 4524 486 4536 -
497 4501 511 4544 i
521 4496 541 4544 εί
553 4495 578 4544 δέ
588 4511 609 4542 τι
620 4493 720 4558 σαρδώῳ
735 4490 802 4540 Plan.
816 4488 955 4544 Brunoliiua

166 4573 238 4624 τίδατι
249 4569 359 4632 Σορδῴου
374 4566 483 4627 σιλίνοιο,
494 4580 539 4616 esu
552 4563 693 4615 sardonia.
709 4563 757 4613 Sed
771 4562 873 4624 codicis
882 4560 956 4616 teatio

166 4638 309 4707 elegantior.
323 4635 405 4688 llerba
420 4633 521 4695 sardos,
543 4634 595 4686 siue
618 4636 768 4700 apiastrum
780 4637 956 4701 venenatum,

165 4716 189 4765 st
205 4713 263 4777 quis
276 4705 430 4767 comederit,
442 4719 538 4756 aeroas
548 4703 690 4766 contrabit,
700 4706 768 4755 rictu
779 4708 890 4788 diducit
901 4719 961 4768 ora,

810 4780 969 4912 ἱημΐθῖίιέό
1011 4841 1138 4909 cuiusdam
1148 4839 1229 4903 poetas
1240 4843 1348 4891 parmen,
1363 4829 1392 4876 nt
1405 4825 1432 4876 in
1451 4821 1564 4888 plurimis
1577 4818 1642 4876 allis,
1656 4815 1692 4864 sie
1704 4812 1731 4862 in
1743 4810 1790 4859 baa

791 4883 974 5013 “iimmot

165 4787 206 4845 ut,
219 4784 262 4848 qui
277 4781 389 4830 mortem
406 4778 542 4842 oppetunt,
557 4774 627 4841 tacte
645 4775 791 4838 ridentium

166 4853 265 4906 Solinus
277 4866 298 4901 r.
311 4855 335 4901 t.
350 4871 362 4893 ν
376 4850 434 4898 iae.
450 4847 527 4898 lloiss.
539 4867 571 4896 :r
589 4846 662 4898 lieri
675 4847 776 4911 apiastri

166 4924 244 4977 sehol.
257 4920 368 4987 Gregorii
381 4921 439 4969 liaz.
456 4918 481 4968 in
501 4918 616 4983 catalogo
629 4917 753 4974 Clarliann

167 4954 873 5068 Gaisioriliusp.525derisusardonioquiebiittiiqru
911 5025 918 5041 .

175 5135 201 5185 at
212 5151 234 5184 τι
244 5135 333 5192 πάντας
346 5145 428 5196 apogr.
443 5133 497 5181 Par.
769 5106 786 5173 ί

1700 288 1704 293 ’
1721 300 1775 361 tiit

1025 418 1260 470 aemulamina
1282 441 1288 470 :
1310 424 1342 480 είς
1363 423 1453 489 Βόρχον
1474 425 1525 475 τινὰ
1549 426 1661 490 βουκόλον
1676 445 1779 493 κρημνη-

994 489 1078 538 σθέντα
1093 489 1147 552 (sic)
1157 492 1196 541 διὰ
1208 492 1268 555 μελε.
1279 497 1333 544 -1
1346 511 1418 559 ηρπεν
1432 495 1486 558 (sie)
1499 496 1572 557 cod..
1582 499 1736 561 superposito
1750 503 1779 551 εί.

994 586 1025 595 -
1042 564 1057 610 3
1075 565 1109 616 τίς
1127 561 1188 612 cod.
1210 565 1280 613 11οσ1ν
1299 578 1345 628 pro
1365 567 1455 628 βουσίν,
1466 569 1493 617 et
1513 569 1597 631 repete
1616 569 1736 630 ἑπόμενος.
1749 596 1782 607 -

995 637 1009 683 5
1023 631 1144 683 κάππεσεν
1156 635 1189 691 τίς
1200 635 1266 685 Plan.
1281 634 1338 686 edd.
1352 635 1473 700 plurimae.
1488 656 1500 681 ι
1515 638 1633 702 Ἀτρυγίς,
1647 640 1712 691 sieut
1725 654 1781 691 ver·

994 700 1055 754 burn
1067 709 1152 767 τρυγᾶν
1172 718 1188 755 a
1206 705 1385 759 vindemiatore
1400 707 1434 758 ad
1448 707 1567 774 apiarium
1586 711 1712 762 transtullt
1727 714 1781 762 llo·

994 770 1070 823 silias
1083 777 1128 835 lll,
1141 781 1180 827 ³5.
1193 797 1205 821 ν
1215 781 1270 829 iae.
1284 778 1362 830 Boias.
1375 778 1505 830 referenda
1515 780 1613 845 putarit
1624 781 1679 832 baec
1689 781 1781 832 seholia

994 845 1082 897 Weei.
1096 867 1102 896 ι
1115 847 1231 912 (ότρυγές)
1240 849 1344 912 ἄθικτον,
1358 849 1479 907 δυσκόλως
1495 852 1634 914 τρυγηθῆναι
1655 852 1781 915 δυνάμενον

994 916 1032 965 διὰ
1048 918 1090 975 τὴν
1108 919 1245 983 δυσχέρειαν
1266 925 1308 970 τοῦ
1327 919 1436 983 λόφουη
1455 923 1605 985 κακοτρυγὲς.
1618 922 1649 971 at
1672 941 1679 971 ι
1700 923 1779 984 ὤνιον)

995 989 1108 1047 ἀντάξιον,
1118 990 1248 1053 ἀγοραστδί
1261 998 1301 1052 τῆς
1315 996 1407 1056 ψυχῆς,
1420 993 1478 1056 ὑπὲρ
1499 992 1527 1041 οὗ
1549 994 1592 1051 τήν
1612 994 1691 1056 ψυχὴν
1713 994 1781 1043 durb-

994 1060 1061 1108 λεσε·
1076 1062 1117 1109 καί
1132 1060 1197 1111 ὤνιοι
1210 1063 1318 1113 δικασταί
1333 1064 1374 1111 καί
1385 1063 1452 1120 ὤνιος
1468 1064 1555 1124 μὲταξα
1568 1064 1668 1125 λέγεται.

1027 1211 1159 1263 uexilli.
1174 1215 1275 1263 Lemma
1289 1233 1295 1262 r
1308 1215 1341 1269 τίς
1352 1204 1425 1262 παῖδα
1435 1218 1476 1271 τῆς
1491 1213 1574 1276 μητρός
1590 1213 1723 1271 τεθνηκυίας
1739 1213 1790 1272 θη·ι

994 1285 1102 1343 λέξοντα.
1114 1302 1125 1325 r
1139 1281 1264 1347 seriptum
1277 1281 1377 1334 ridetur
1394 1281 1420 1332 in
1439 1280 1550 1332 tabulam
1561 1282 1652 1347 piatam
1666 1281 1783 1333 Aristidis

994 1353 1116 1416 linebant,
1133 1352 1165 1404 de
1181 1367 1232 1418 qua
1249 1353 1344 1404 Plinius
1360 1354 1453 1415 xxxv,
1475 1358 1513 1415 10,
1526 1352 1542 1417 §
1556 1357 1584 1403 19
1597 1373 1603 1402 :
1615 1355 1644 1405 Is
1664 1354 1782 1404 omnium

995 1428 1099 1492 primus
1113 1426 1234 1475 animum
1254 1425 1371 1489 pinxit...
1388 1425 1477 1488 liujus
1497 1424 1607 1489 pictura
1620 1424 1670 1487 est,
1684 1422 1782 1489 oppido

996 1499 1076 1563 eapte
1088 1495 1125 1546 ari
1138 1498 1233 1546 matris
1246 1497 1381 1546 morientis
1395 1508 1410 1545 e
1422 1495 1531 1547 minae
1543 1506 1692 1546 mammam
1702 1493 1782 1545 adre-

993 1582 1061 1634 pens
1074 1566 1178 1632 ίκῙυπες
1192 1567 1399 1631 intelligiturque
1416 1568 1516 1617 sentire
1531 1568 1619 1617 mater
1636 1567 1660 1616 et
1674 1567 1782 1626 timere,

995 1653 1029 1689 ue
1043 1640 1161 1690 errroriuo
1174 1638 1242 1690 tacte
1256 1640 1414 1703 sanquinem
1437 1637 1547 1690 lambat.
1567 1640 1643 1689 Poeta
1664 1637 1783 1688 infantem

996 1709 1137 1772 alloquitur.
1160 1728 1172 1752 ν
1192 1712 1298 1760 iam-
1316 1714 1326 1759 1
1344 1710 1442 1766 audiere
1466 1708 1569 1759 Salmas.
1589 1709 1620 1758 ut
1639 1720 1671 1759 ex
1692 1706 1784 1759 codiee

995 1782 1117 1846 ascripsit.
1129 1807 1159 1816 -
1170 1787 1184 1830 2
1197 1781 1367 1842 καταφθεμένης
1386 1779 1448 1830 cod.
1461 1784 1519 1829 -ts
1532 1779 1613 1842 φίλτρα
1628 1782 1672 1839 κήν
1682 1796 1714 1836 εις
1726 1780 1783 1843 (hoo

995 1851 1095 1914 quidem
1127 1849 1225 1916 punctis
1257 1849 1427 1913 subnotatum)
1448 1850 1503 1907 aiau
1527 1849 1674 1899 barbarensis
1698 1850 1782 1912 ἔμαθεν

996 1922 1068 1981 Cod.3
1081 1941 1104 1985 ρ.
1116 1924 1156 1971 καί
1167 1923 1200 1971 τίν
1210 1922 1264 1984 ἀίδρ
1278 1921 1431 1983 παιόοκομεῐν
1441 1921 1527 1982 ἔμαθον
1537 1918 1616 1982 Pium,
1626 1923 1783 1986 postremum

996 1994 1068 2043 male.

1026 2136 1158 2186 Dcxxrv.
1174 2136 1276 2185 Lemma
1292 2154 1298 2183 ι
1313 2138 1345 2192 είς
1357 2136 1420 2190 τινὰς
1434 2135 1457 2183 ἐν
1472 2140 1505 2196 τῷ
1519 2133 1597 2196 Ἰονίῳ
1615 2133 1697 2196 κόλπῳ
1710 2150 1782 2182 ναυα-

995 2207 1157 2269 paleamque
1168 2210 1183 2256 3
1197 2206 1212 2263 ἢ
1222 2206 1275 2261 τοὺς
1286 2208 1341 2262 σοὺς
1351 2204 1424 2263 Coti..
1433 2205 1538 2254 alterum
1549 2204 1616 2253 Plan.
1625 2231 1656 2245 -
1665 2207 1688 2252 4.
1698 2222 1709 2244 ι
1720 2205 1782 2252 Ver·

995 2277 1055 2327 bum
1065 2277 1183 2338 ὀπίζομαι,
1194 2275 1215 2325 si
1225 2287 1283 2325 sana
1291 2278 1331 2326 est
1340 2274 1424 2335 lectio,
1433 2287 1482 2323 uon
1491 2273 1615 2337 vulgarem
1627 2271 1782 2336 significatio·

995 2360 1052 2397 aem
1065 2345 1155 2407 habet,
1168 2345 1212 2396 sed
1222 2359 1267 2410 pro
1282 2344 1403 2395 ὀπιπτειίω
1413 2344 1577 2409 estposltum.
1597 2365 1608 2387 »
1625 2346 1685 2393 iac.
1703 2345 1785 2392 Loeus

996 2414 1227 2468 commemorandus
1239 2419 1292 2467 erat
1304 2416 1329 2465 in
1341 2414 1415 2465 Thes.
1429 2441 1459 2450 —
1472 2422 1493 2465 5.
1508 2416 1581 2476 ἄλγεα
1593 2416 1633 2462 καὶ
1647 2413 1660 2439 *
1676 2414 1705 2462 λοι
1720 2413 1780 2475 βέων

995 2492 1052 2538 οσον
1073 2486 1173 2550 (deinde
1189 2486 1214 2536 in
1237 2501 1314 2537 vacuo
1339 2486 1418 2550 spatio
1439 2498 1532 2535 rasurae
1558 2484 1669 2548 vestigia)
1690 2482 1783 2533 Codex.

996 2558 1075 2609 Etiam
1087 2558 1189 2608 Salmas.
1205 2556 1237 2608 ad
1252 2558 1307 2607 θσον
1321 2576 1327 2606 ι
1344 2577 1356 2600 ν
1369 2556 1469 2619 Aliquot
1481 2555 1561 2605 litera
1573 2554 1668 2603 derasae
1684 2555 1751 2603 sunt.
1768 2574 1780 2596 ν

996 2632 1025 2681 In
1037 2630 1105 2681 Plan.
1119 2648 1125 2678 :
1136 2628 1220 2688 Ἄλγεα
1231 2628 1271 2677 καί
1281 2627 1372 2678 lebiton
1382 2628 1446 2677 ὅσον.
1456 2625 1589 2675 Salmasius
1599 2625 1638 2673 καὶ
1647 2623 1782 2685 Λαόέιυνος,

1000 2703 1028 2752 θν
1042 2703 1120 2762 osup.
1134 2698 1254 2750 Brodoeus
1269 2718 1275 2748 ι
1288 2701 1364 2762 AEqei
1374 2699 1400 2749 et
1413 2696 1552 2760 Labeonis,
1562 2708 1625 2760 quas
1637 2707 1697 2745 eum
1708 2696 1785 2744 sactis

996 2777 1021 2825 et
1041 2771 1168 2822 comitatu
1186 2768 1344 2834 absorpsisti.
1367 2767 1473 2818 lluetius
1490 2786 1497 2819 ι
1513 2769 1584 2828 aries
1605 2765 1784 2822 sellettano<

996 2846 1020 2895 ίν
1040 2845 1232 2903 ammaum,
1250 2839 1377 2891 Labeonis
1394 2835 1493 2903 fitium.
1514 2836 1624 2899 Denique
1647 2835 1787 2886 Brunelrius

995 2914 1079 2965 laeum
1086 2915 1115 2964 ut
1122 2911 1204 2963 editur
1212 2910 1348 2962 constituit.
1358 2936 1391 2948 -
1400 2916 1423 2960 0.
1434 2930 1446 2954 ιι
1459 2911 1505 2958 Pro
1518 2908 1626 2957 θάλασσα
1637 2911 1683 2965 νῆα
1691 2906 1783 2970 etquis-i

996 2985 1078 3051 aptius
1102 2983 1177 3034 tuerit
1199 2984 1291 3048 ίὸροξε,
1316 2981 1464 3046 θορίιυίίυίί.
1483 2999 1496 3023 υ
1516 2977 1619 3029 Labecia.
1641 2976 1787 3029 lihematioo·

995 3071 1021 3121 p.
1034 3058 1074 3116 00,
1087 3067 1113 3105 a.
1128 3059 1166 3105 00.
1181 3053 1279 3104 iambe.
1293 3053 1397 3104 eontulit
1412 3051 1551 3113 Philippum
1571 3051 1615 3111 rx,
1626 3061 1666 3111 ep.
1678 3051 1733 3111 107,
1747 3053 1761 3099 5
1775 3066 1782 3097 ι

996 3128 1069 3177 ὤλετο
1079 3124 1101 3175 δ’
1110 3124 1235 3181 οίκτίστιος
1248 3124 1354 3188 βρυχθεὶς
1369 3123 1422 3183 ait,
1436 3123 1461 3171 et
1473 3121 1581 3184 βρόχους,
1592 3117 1741 3181 ότοδρόχιος.
1753 3144 1781 3154 -

997 3198 1060 3248 lluie
1072 3195 1241 3261 epigrammati
1253 3194 1279 3243 in
1289 3193 1379 3244 dodim
1390 3192 1454 3243 male
1466 3188 1576 3240 adhaeret
1589 3187 1697 3252 primum
1711 3187 1781 3237 disii-

996 3268 1059 3319 ebon
1073 3266 1184 3331 proxime
1197 3264 1331 3328 sequentis.

1028 3423 1144 3472 Dcxxv.
1162 3422 1263 3469 Lemma
1275 3437 1281 3465 ε
1293 3416 1325 3471 ιίς
1333 3413 1451 3476 Διόδωρον
1460 3412 1499 3461 τὸν
1510 3410 1664 3471 Καλλιγένσυς
1672 3406 1786 3470 ναυαγὸν,

996 3496 1036 3544 τὸν
1045 3492 1172 3543 Ὀλύνθιον.
1188 3488 1250 3551 Qui,
1261 3486 1338 3536 multa
1352 3483 1430 3534 maria
1446 3481 1548 3533 feliciter
1558 3493 1685 3540 emensus,
1696 3479 1788 3543 inipso

996 3567 1069 3630 portu
1088 3562 1145 3614 nari
1159 3572 1281 3612 exeussus
1296 3560 1343 3607 est.
1353 3583 1384 3594 -·
1397 3560 1441 3606 1.ι
1457 3555 1509 3603 Ἐπ’
1519 3553 1630 3604 Ἄτλαντα
1640 3588 1646 3610 ,
1658 3551 1724 3602 ultra
1740 3562 1784 3600 oo·

996 3635 1092 3685 lamnas
1112 3628 1233 3682 Herculis.
1256 3630 1315 3678 llox
1328 3626 1422 3689 κύματα
1443 3637 1492 3673 που
1506 3622 1596 3687 pendet
1615 3620 1646 3671 ab
1664 3618 1784 3671 infinitivo

996 3710 1073 3769 τεμεῖν
1085 3700 1231 3767 supplendo,
1247 3698 1292 3750 sed
1303 3697 1336 3748 ab
1348 3696 1426 3747 εἰδότα
1437 3716 1443 3744 :
1456 3693 1500 3758 qui
1519 3705 1588 3742 snare
1607 3692 1709 3741 noverat
1723 3691 1782 3740 Gre-

995 3777 1075 3827 tieum
1085 3777 1111 3825 et
1121 3771 1301 3837 navigationem
1312 3782 1356 3833 per
1372 3766 1511 3831 superiores
1524 3763 1598 3815 etiam
1610 3764 1693 3826 partes
1709 3759 1787 3811 nuris

995 3846 1148 3913 periclitatus
1169 3845 1257 3895 tuerat.
1274 3841 1368 3893 Πόντου
1383 3841 1495 3903 peterse,
1513 3836 1543 3885 ut
1561 3846 1601 3914 ap..
1618 3835 1691 3913 llam
1706 3831 1735 3880 ll.
1751 3835 1787 3890 0,

996 3925 1036 3982 79,
1060 3919 1149 3983 μείλανι
1174 3915 1261 3980 πόντῳ.
1282 3914 1315 3962 st
1334 3913 1419 3961 nostro
1443 3908 1498 3957 1000
1517 3904 1647 3968 pmubaus
1666 3900 1784 3983 quadarn

995 3991 1072 4043 maris
1078 4002 1136 4055 pars
1141 3985 1243 4051 intelligi
1252 3982 1333 4035 debet
1344 3984 1380 4032 lie
1389 3984 1471 4031 autem
1478 3975 1509 4026 de
1523 3976 1599 4025 Ponte
1609 3976 1706 4052 Euxino
1717 3984 1785 4035 cagn-

995 4067 1128 4127 tes,quem
1136 4041 1784 4116 reeentioresutmumappellant,reiatl.uerarr.lidr.

995 4131 1116 4195 lndoet.§
1132 4133 1169 4188 11,
1182 4126 1225 4177 ubi
1239 4125 1271 4175 de
1287 4122 1386 4187 Orpheo
1398 4134 1413 4170 a
1427 4115 1573 4169 mulieribus
1591 4112 1730 4175 discerpta,
1742 4114 1784 4171 τὴν

997 4206 1097 4269 κεφαλὴν
1108 4203 1182 4250 αὐτοῦ
1195 4198 1238 4248 σὺν
1250 4203 1279 4258 τῇ
1293 4195 1352 4257 λόρφ
1364 4194 1396 4249 τίς
1417 4191 1457 4240 τόν
1470 4188 1556 4251 'asper
1570 4186 1730 4266 ίμπεσοίρσαν,
1741 4185 1784 4246 ίμ-

998 4277 1110 4335 tietmar
1120 4272 1153 4326 είς
1162 4269 1202 4319 τόν
1212 4268 1300 4331 μελανα
1313 4265 1406 4314 πόντον.
1414 4259 1484 4310 Unde
1493 4259 1594 4321 apparat
1602 4253 1785 4318 intelligendum

997 4356 1052 4396 esse
1066 4341 1147 4392 unum
1161 4338 1237 4388 maris
1259 4333 1386 4393 Thracici,
1399 4344 1472 4395 quem
1493 4328 1525 4380 ab
1542 4325 1671 4379 altitudine
1690 4326 1786 4375 Μέλανα

997 4412 1147 4478 appellatum
1160 4422 1214 4459 esse
1228 4407 1302 4457 docet
1315 4402 1418 4468 oppian.
1433 4400 1487 4449 lial.
1498 4401 1543 4460 lit,
1554 4401 1609 4449 511.
1620 4394 1693 4446 coni.
1704 4393 1782 4457 Apoll.

997 4482 1077 4536 libod.
1092 4484 1112 4543 l,
1125 4487 1171 4533 901.
1193 4492 1245 4542 seq.
1255 4481 1319 4528 -0,
1336 4470 1471 4536 Olynthum
1485 4484 1501 4520 a
1518 4467 1630 4532 Philippo
1651 4464 1785 4515 llaaedone

1001 4554 1112 4607 maditus
1125 4563 1237 4603 eversam
1246 4561 1301 4599 esse
1313 4544 1373 4597 satis
1385 4543 1491 4594 constat.
1506 4543 1542 4591 lix
1551 4538 1600 4588 boo
1611 4536 1786 4615 epigrammate

1001 4625 1086 4692 igitur,
1100 4621 1198 4673 duobus
1211 4632 1282 4684 prone
1296 4614 1395 4668 saeuus
1407 4614 1465 4677 post
1481 4608 1544 4661 illud
1564 4611 1664 4670 tempus
1680 4605 1786 4684 scripto,

1004 4697 1116 4753 lteisiius
1129 4691 1259 4757 eolligebat
1275 4686 1411 4752 olputlram
1422 4697 1436 4734 e
1447 4680 1525 4732 minis
1539 4677 1591 4761 suis
1609 4684 1786 4752 resurrexisse,

1008 4764 1146 4825 meantibus
1158 4764 1217 4815 licet
1224 4757 1397 4820 historiasque
1408 4755 1434 4804 et
1445 4748 1596 4817 geographrs.
1607 4747 1639 4796 tt
1646 4744 1792 4793 vetustioris

1018 4926 1113 4984 quoque
1128 4906 1298 4976 epigrammate
1307 4896 1455 4964 expressisse
1463 4891 1543 4943 rideri
1553 4888 1627 4939 debet
1633 4884 1767 4963 antipater.
1777 4900 1789 4922 ν

1024 4992 1079 5041 Jao.
1090 5011 1119 5022 -
1132 4980 1228 5036 θδαιτδς
1245 4975 1307 5025 inei
1322 4972 1350 5021 τδ
1366 4989 1394 5023 ιτ.
1404 4968 1437 5016 br·
1447 4966 1517 5028 ημεεν
1530 4956 1603 5017 cuiq
1617 4950 1724 5004 iaoobslr
1736 4962 1792 4999 aor-

166 5080 192 5115 ν.
205 5063 237 5116 ad
247 5072 308 5129 App.
324 5063 390 5113 Plan.
402 5074 440 5124 ep.
453 5063 490 5110 to.
507 5081 558 5104 ν-
572 5064 586 5112 a
600 5063 644 5125 ἐγὼ
659 5061 724 5129 ead,
739 5019 978 5164 qlliwqrbtum'
1027 5056 1155 5114 petionem
1174 5050 1220 5099 λιιιι
1242 5042 1333 5106 recapit
1343 5036 1433 5095 Boias,
1447 5038 1597 5096 quanquam
1607 5023 1660 5086 ipse
1670 5020 1723 5069 iae.
1737 5029 1796 5066 oum

895 5098 983 5198 ,mr

1034 5126 1148 5191 urmeiio
1157 5116 1301 5190 preteream
1316 5112 1364 5162 ίπεί
1376 5109 1403 5158 rb
1421 5123 1448 5156 π.
1459 5102 1597 5164 inipetu,
1609 5091 1699 5146 Reislrii
1712 5099 1796 5140 emen·
