4020 5946
215 386 273 444 278
770 380 1026 442 ANTHOLOGIAE
1047 378 1250 441 PALthNAE

331 525 378 576 23.
400 515 649 576 asitflarvot·
675 513 868 574 ΣΙΔΩΝΙΟΥ.

1246 543 1284 588 23.
1300 538 1467 587 ampsani
1485 538 1610 586 sibottll.

210 666 312 727 Θοίλλοι
326 663 535 744 τετρακόρυμὸοτ
543 707 552 736 ,
571 662 725 741 ’audalaum
742 662 810 742 ἇμφλ
832 660 860 721 σί
878 662 986 739 κισσὸς,
1036 677 1412 743 Morcatqoatemis-oorymbls,
1423 675 1666 737 Auamoon,circum
1679 677 1705 726 te
1717 675 1821 736 bodera,

251 754 319 833 δόροί
332 776 359 811 τε
374 752 508 829 λειμώνων
523 752 675 831 πορφυρέων
690 749 810 810 πέταλα·

210 844 294 920 πηγαὶ
311 843 333 899 δ’
350 839 512 919 ἀργινόεντος
527 837 866 916 ἀναθλίὸοιντογόλακτος,

251 930 343 996 εὐῶδες
358 929 382 986 δ’
397 928 449 985 α’πδ
461 928 568 1006 γῆςήδὺ
583 926 671 1006 χέοιτο
686 927 766 1003 μέθυ,

210 1016 276 1096 rippa
290 1015 319 1075 κέ
332 1015 372 1074 rol
387 1015 484 1087 σποδιή
499 1038 526 1074 τε
547 1014 591 1072 καί
605 1014 684 1073 ὀστέα
697 1011 787 1094 τέρψιν
803 1011 915 1091 ἄρηται,

250 1108 272 1163 εἰ
287 1105 319 1176 δή
334 1127 372 1171 τις
386 1104 518 1183 φθιμένοις
534 1103 696 1182 χρίμπτεται
711 1102 869 1180 εὐφροσύνα,

208 1182 230 1250 ὦ
246 1193 275 1251 τὸ
289 1193 362 1274 φίλον
374 1190 497 1270 στέρξας,
513 1191 585 1271 φίλε,
600 1190 739 1270 βαίρόιτον,
754 1180 775 1249 da
792 1188 838 1249 obv
854 1190 930 1270 ἀοιδᾷ

248 1282 335 1340 πάντα
348 1279 499 1346 διαπλώσας
512 1281 557 1339 καὶ
572 1279 619 1338 σὺν
635 1278 789 1358 ἔρωτιβίον,

449 1448 498 1498 τι.
527 1418 748 1498 'riuumaov

209 1593 307 1674 Ἡμερλ
318 1595 527 1673 πανόελκτειρα,Ι
548 1590 708 1670 μεθυτρόφε,
724 1595 808 1670 μῆτερ
825 1590 947 1671 ὀπώρας,

249 1682 354 1755 οὔληςή
369 1679 472 1741 σκολιὸν
486 1679 593 1759 πλέγμα
605 1680 677 1760 φύεις
691 1679 790 1751 ἕλικος,

209 1768 291 1840 Τηίου
305 1767 432 1840 ήὸήσειας
444 1766 634 1846 Ἀνακρείοντος
644 1765 685 1825 ἐπ’
698 1767 767 1846 ἄκρῃ

249 1857 332 1935 στήλῃ
343 1856 388 1914 καλ
399 1858 488 1936 λεπτῷ
501 1854 608 1934 χώματι
618 1854 692 1912 τοῦδε
707 1854 789 1934 τάφου
799 1899 807 1929 ,

168 1959 181 1999 t
208 1946 266 2011 ώςό
279 1942 436 2025 φιλόκρητός
445 1967 473 2002 τε
487 1942 532 2002 καλ
542 1941 679 2021 οἴνοόαρής
691 1941 850 2022 φιλοκώμοις

249 2033 403 2113 παννυχίσιν
410 2031 514 2111 ’κρούων
530 2031 577 2102 τήν
589 2030 732 2110 φιλόπαιδα
743 2030 841 2109 χέλυν,

209 2126 257 2194 κήν
271 2121 347 2201 pilosi
362 2119 501 2192 πεπτηώς,
516 2121 631 2200 κεφαλῆς
646 2119 770 2199 ἐφύπερθε
788 2116 892 2200 φέροιτο

249 2210 346 2290 ἀγλαόν
360 2210 463 2290 ὡραίων
477 2210 570 2289 βότρυν
585 2209 634 2267 ἀπ’
645 2208 812 2288 ἀκρεμόνων,

209 2297 255 2358 καί
269 2321 313 2375 μιν
327 2298 369 2358 tri
383 2297 470 2377 τέγγοι
483 2296 575 2376 νοτερὴ
588 2295 693 2377 δρόσος,
704 2287 735 2368 ἧς
745 2300 758 2355 δ
770 2295 871 2376 γεραιὸς

157 2398 183 2437 10
249 2387 389 2466 λαρότερον
404 2388 532 2465 μαλακῶν
548 2384 637 2445 ἔπνεεν
657 2387 687 2443 ἐκ
699 2383 848 2462 στομάτων.

464 2551 508 2600 25.
532 2553 592 2598 ΤΟΥ
612 2551 720 2597 ΑΥΤΟΥ.

210 2681 293 2755 Οὗτος
308 2686 506 2765 Ἀνακρείοντα,
521 2684 564 2742 τὀν
584 2684 688 2763 ἄφθιτον
703 2681 789 2741 εἵνεκα
805 2680 931 2740 Μουσέων

250 2775 408 2852 ὓμνοπόλον,
422 2773 526 2851 πάτρης
541 2770 639 2848 τόμόος
654 2771 743 2828 ἔδεκτο
757 2769 830 2842 Τέω,

210 2863 236 2933 δς
251 2864 374 2944 Χαρίτων
391 2861 512 2920 πνείοντα
527 2862 594 2936 μελή
603 2905 611 2935 ,
620 2858 741 2917 πνείοντα
752 2859 775 2916 δ’
788 2857 930 2936 Ἐρώτων,

249 2951 292 3009 τόν
308 2950 404 3029 γλυκὺν
420 2952 445 3014 ἐς
457 2947 557 3007 παίδων
573 2946 662 3025 ἵμερον
677 2946 824 3026 ἡρμόσατο.

171 3056 184 3093 ⁵
211 3043 314 3099 llloiivov
329 3039 352 3096 δ’
365 3042 402 3096 ιλν
413 3035 546 3115 Ἀχέροντι
562 3033 718 3114 βαρύνεται,
739 3035 788 3113 οὐχ
800 3033 842 3092 ὅτι
853 3034 950 3093 λείπων

250 3127 350 3199 ἠέλιον,
361 3125 450 3196 Λήθης
462 3122 547 3182 ἐνθάδ’
561 3122 654 3203 ἔκυρσε
669 3123 772 3202 δόμων·

212 3216 271 3273 ἀλλ’
287 3212 327 3272 ότι
339 3213 383 3272 τόν
395 3212 523 3294 χαρίεντα
536 3210 594 3287 μετ’
608 3213 719 3282 biliosus
734 3211 884 3290 Μεγιστία,

250 3302 294 3361 καί
308 3302 352 3361 τὸν
368 3301 504 3378 Σμερδίεω
516 3302 613 3379 Θρῇκα
623 3298 731 3358 λέλοιπε
741 3300 830 3360 πόθον.

211 3393 322 3460 Malaia
336 3392 357 3447 δ
371 3391 399 3448 οὗ
409 3388 484 3468 λήγει
498 3387 665 3468 μελιτερπέος
675 3435 684 3465 ,
695 3386 754 3445 ἀλλ’
763 3386 800 3447 ἔτ’
815 3391 912 3448 ἐκεῖνον

158 3491 185 3529 1⁰
252 3476 374 3557 βόρὸιτον
386 3477 443 3536 οὐδὲ
460 3475 543 3534 θανὼν
556 3474 663 3535 εὔνασεν
675 3481 712 3535 είν
727 3476 809 3555 Ἀίδῃ.

443 3700 483 3745 α3.
503 3713 635 3744 astruatur
652 3712 759 3755 srnuurr,

498 3819 528 3867 de
541 3827 702 3871 Arrucrroure.

212 3945 311 4010 cingat,
327 3944 479 4005 Auacreiou,
492 3946 639 4012 quadruplex
652 3955 693 3995 tua
706 3945 775 3995 busta
785 3946 926 4014 corymbus,

245 4034 275 4079 Et
292 4044 345 4094 qum
358 4037 485 4078 vernantes
494 4044 602 4096 purpura
616 4029 686 4078 vestit
700 4044 777 4093 agros.

211 4113 327 4163 Fontibus
338 4121 433 4161 emanet
448 4112 512 4162 nivei
525 4112 588 4162 bona
598 4112 666 4179 copia
679 4112 761 4176 lactis,

244 4194 337 4245 Fundat
349 4194 441 4243 odorati
451 4195 535 4261 pocula
548 4204 612 4245 terra
626 4194 701 4253 meri,

211 4282 244 4328 Ut
256 4278 348 4328 cineres
359 4276 464 4328 babeant
477 4294 526 4344 quo
538 4278 698 4339 delectentur,
712 4287 736 4327 et
751 4294 804 4328 ossa

244 4360 269 4409 si
281 4360 337 4425 quid
351 4360 420 4409 dulce
432 4369 511 4410 tamen
525 4361 637 4410 Manibus
648 4376 698 4410 esse
710 4370 796 4427 potest.
829 4381 830 4384 ¹

211 4446 234 4491 Ο
247 4442 286 4490 cui
297 4458 352 4491 cara
364 4441 410 4491 luit
421 4460 515 4510 semper
527 4445 594 4510 lyra,
609 4446 705 4510 vitaque
718 4460 811 4495 amores

246 4528 341 4573 luteret
351 4534 446 4588 argutos
454 4528 572 4576 velificata
583 4528 681 4576 modos!

504 4658 544 4705 24.
564 4667 703 4712 srurorrrniu,

538 4756 568 4804 dc
580 4756 670 4806 eodem.

213 4872 278 4921 Luta
290 4864 349 4913 meri
361 4872 437 4913 mater
449 4879 501 4928 qun
513 4863 601 4927 crispas
611 4862 717 4911 molliter
730 4880 786 4913 uvas

247 4949 337 5001 intexis
348 4946 420 4996 lentis
431 4946 498 4995 ebria
513 4944 668 5011 palmitibus,

214 5031 308 5080 Fronde
318 5039 358 5079 tua
371 5029 462 5077 veletur
472 5028 632 5077 Anacreionta
644 5027 753 5075 columna

247 5117 307 5176 Quae
319 5121 397 5167 notat,
409 5118 433 5159 et
444 5112 519 5159 tenuris
530 5127 575 5175 qua
590 5109 704 5175 sepelitur
714 5110 801 5159 liumus
818 5124 825 5160 ι

216 5200 246 5246 Ut
259 5196 339 5245 sitims
353 5195 402 5244 vini
416 5204 630 5260 commessatorum
643 5210 686 5260 per
700 5209 795 5243 omnem

1068 771 1094 819 et
1107 771 1192 817 tenera
1204 770 1331 830 pratorum
1339 777 1520 830 purpureorum
1532 763 1603 821 tollar

1037 854 1116 904 sontes
1128 855 1212 903 autem
1224 851 1321 902 madidi
1335 851 1501 916 exprimantur
1509 851 1596 913 lactis,

1068 944 1093 992 et
1108 941 1272 992 beno-alenae
1283 944 1350 991 terra
1364 940 1437 991 dulce
1451 940 1570 991 tundatur
1578 944 1714 1000 temetum,

1038 1030 1067 1078 ut
1080 1027 1125 1077 tihi
1139 1027 1221 1091 pulvis
1236 1030 1261 1078 et
1273 1041 1330 1078 ossa
1342 1026 1504 1089 delectentur,

1069 1115 1199 1179 siquidem
1217 1115 1298 1178 aliqua
1318 1115 1442 1165 defunctis
1459 1114 1638 1178 appropinquat
1648 1114 1742 1177 laetitia,

1037 1217 1052 1252 o
1064 1204 1156 1265 amice,
1167 1203 1211 1268 qui
1223 1203 1332 1254 amioum
1346 1203 1447 1253 fovebas
1458 1202 1584 1253 barbiton!
1599 1203 1667 1266 oqui
1675 1216 1733 1255 cum
1746 1208 1821 1253 cantu

1068 1308 1166 1345 onmem
1178 1295 1304 1346 tranatasti
1316 1298 1341 1345 et
1353 1308 1411 1344 cum
1422 1307 1506 1344 amore
1518 1294 1608 1344 vitam!

1316 1456 1354 1500 it.
1373 1451 1540 1500 stttottlbls.

1039 1592 1103 1643 vitis
1120 1592 1338 1653 omnia-mulcens,
1353 1591 1506 1651 vini-nutrix,
1515 1594 1594 1643 mater
1605 1590 1751 1651 vindemias,

1069 1683 1157 1747 crispo
1172 1696 1229 1746 quio
1244 1696 1348 1732 curvum
1361 1681 1460 1745 plerum
1469 1694 1570 1745 generas
1579 1681 1720 1743 claviculae,

1038 1771 1090 1821 Teii
1100 1784 1196 1821 crescas
1209 1770 1368 1821 Anacreontis
1378 1770 1403 1819 in
1416 1782 1514 1819 summa

1069 1859 1182 1909 colomna
1198 1861 1223 1908 et
1238 1872 1314 1922 parvo
1325 1858 1386 1908 colle
1399 1857 1472 1922 hujus
1485 1857 1606 1921 sepulcri,

1038 1950 1067 1997 ut
1079 1947 1271 1997 meri-armuset
1284 1947 1429 2010 vinogravis
1437 1945 1665 1996 incomissabundis

1069 2035 1200 2100 pervigiliis
1209 2035 1310 2099 pulsans
1319 2034 1650 2099 juvenes-amantemlyram,

1038 2122 1113 2173 etiam
1124 2121 1195 2172 humi
1203 2123 1302 2186 iacens,
1317 2136 1391 2186 super
1404 2122 1484 2186 capite
1497 2121 1621 2173 suo-lorat

1069 2210 1210 2273 praeclaram
1223 2224 1297 2260 uvam
1309 2209 1413 2261 maturis
1427 2210 1572 2269 aracemis;

1038 2301 1064 2349 et
1076 2311 1173 2361 semper
1184 2298 1262 2362 tingat
1275 2298 1345 2349 ilium
1364 2300 1419 2348 viat
1440 2310 1482 2348 ros
1494 2295 1641 2360 harnidum,
1658 2311 1710 2360 qoo
1721 2301 1822 2350 auarus

1070 2387 1184 2436 suaviora
1195 2389 1280 2436 tenero
1296 2385 1405 2450 spirabat
1416 2399 1448 2436 err
1461 2399 1513 2436 ore.

1319 2544 1358 2587 25.
1386 2546 1540 2588 trusbut.

1038 2691 1092 2738 Hoc
1105 2691 1295 2749 anacreontem,
1303 2687 1466 2737 inmortalem
1479 2700 1524 2751 per
1536 2689 1622 2739 Musas

1069 2778 1180 2838 poetam,
1195 2774 1282 2840 patria
1291 2775 1433 2840 sepulcrum
1441 2777 1534 2841 recepit
1546 2778 1605 2840 Tei,

1038 2864 1082 2926 qui
1097 2863 1194 2913 Gratias
1207 2856 1324 2927 spirantia
1332 2863 1440 2914 carmina
1451 2867 1477 2916 et
1486 2865 1604 2930 spirantia
1616 2873 1732 2928 Amores,

1069 2954 1094 3004 iu
1104 2968 1183 3005 suave
1195 2969 1329 3019 puerorum
1342 2955 1491 3006 desiderium
1505 2957 1668 3009 ooncirauavit.

1038 3043 1093 3092 Uno
1102 3044 1185 3093 autem
1198 3046 1314 3106 moratur
1325 3045 1351 3093 in
1363 3045 1516 3106 Acheronte,
1527 3058 1575 3095 non
1585 3044 1698 3109 eoquod
1710 3045 1824 3108 linquens

1068 3130 1161 3192 solem,
1175 3131 1309 3182 Obliuionis
1321 3132 1371 3181 illic
1383 3132 1487 3196 adeptus
1502 3135 1540 3183 est
1553 3131 1651 3194 domos,

1038 3219 1083 3270 scd
1100 3219 1167 3282 quod
1181 3219 1311 3270 amabilem
1325 3220 1389 3271 inter
1398 3222 1504 3284 juvenes
1516 3220 1677 3285 Megisteum,

1069 3310 1094 3358 et
1110 3307 1226 3357 Smerdiau
1239 3307 1385 3356 Thracicum
1405 3308 1504 3371 reliquit
1519 3322 1636 3359 amorem.

1038 3397 1149 3447 cantum-
1158 3408 1217 3446 voro
1233 3409 1281 3445 non
1296 3395 1385 3447 desinit
1397 3396 1527 3460 mellitum,
1536 3410 1623 3461 noque*
1634 3397 1717 3447 adhuc
1730 3398 1790 3448 iilud

1069 3483 1194 3545 barbiton,
1207 3497 1238 3535 ue
1251 3487 1365 3535 mortuus
1382 3485 1491 3548 quidem,
1505 3485 1595 3550 sopivit
1606 3487 1630 3536 in
1642 3489 1715 3537 Orco.

1071 3697 1173 3745 Noctem
1183 3695 1213 3744 de
1223 3695 1291 3761 pueri
1302 3694 1381 3762 pulset
1391 3711 1474 3745 amore
1483 3695 1581 3763 chelyn.

1038 3780 1108 3827 Nune
1120 3778 1241 3843 etiamque
1253 3787 1317 3842 tegat
1325 3778 1355 3828 de
1367 3777 1475 3845 pulchris
1485 3778 1546 3829 iacta
1555 3779 1654 3829 racemis

1071 3863 1100 3908 ln
1112 3867 1187 3908 terras
1199 3859 1259 3925 lapsi
1272 3859 1330 3909 testa
1341 3875 1431 3910 corona
1442 3870 1526 3927 caput,

1037 3944 1088 3991 Nec
1100 3942 1190 3991 Bromii
1204 3942 1236 3991 sit
1246 3942 1307 3991 roris
1318 3959 1403 4007 egeus,
1416 3960 1464 4009 quo
1476 3944 1569 3993 dulcius
1579 3943 1630 4010 ipso

1069 4021 1174 4089 spiravit
1186 4023 1265 4090 lepido
1277 4040 1374 4073 carmen
1390 4024 1421 4074 ab
1433 4041 1476 4074 ore
1488 4042 1570 4076 senex.

1335 4182 1375 4232 25.
1395 4198 1520 4244 uusnrrr,

1362 4315 1392 4365 de
1401 4316 1491 4368 eodem.

1037 4446 1176 4508 Victuram,
1196 4447 1252 4496 dum
1266 4448 1382 4508 mundus,
1394 4450 1556 4500 Anacreionta
1571 4453 1689 4502 Cammurc

1071 4529 1212 4579 Muneribus
1223 4531 1305 4580 condit
1321 4531 1399 4597 patria
1410 4539 1475 4581 terra
1483 4537 1544 4583 Teos
1556 4548 1564 4584 t

1039 4613 1111 4677 Cujus
1124 4629 1216 4661 ammna
1224 4613 1290 4677 jocos
1299 4613 1390 4680 spirant
1404 4624 1427 4663 et
1440 4625 1523 4665 nectar
1531 4631 1638 4666 amorum

1073 4695 1176 4745 Condita
1187 4694 1297 4745 formosis
1311 4697 1417 4747 carmina
1426 4698 1456 4747 de
1466 4697 1554 4764 pueris.

1039 4782 1110 4829 Nunc
1122 4777 1260 4829 Acheronta
1274 4780 1340 4830 dolet
1350 4781 1414 4831 solus
1430 4781 1489 4839 sibi,
1505 4782 1620 4849 nunquia
1631 4783 1696 4848 regni

1072 4868 1162 4931 Raptus
1174 4866 1203 4915 ad
1216 4865 1305 4917 inferni
1316 4867 1399 4916 nubila
1410 4868 1461 4917 sule
1472 4878 1551 4925 caret,

1039 4947 1084 4995 Sed
1094 4948 1151 5011 quia
1165 4963 1231 4997 nunc
1242 4948 1358 5013 juvenum
1369 4949 1473 4999 delectat
1484 4949 1556 4999 corda
1570 4947 1698 5013 Megisteus

1073 5027 1169 5092 Dulcis,
1180 5038 1204 5079 et
1216 5029 1322 5080 incendit
1333 5031 1440 5082 Smerdia
1455 5029 1539 5080 Thrax
1553 5030 1621 5082 alios.

1040 5111 1113 5161 Nulla
1124 5120 1203 5160 tamen
1218 5121 1302 5162 cantus
1311 5113 1401 5163 obliria
1414 5130 1421 5163 ε
1435 5113 1543 5163 barbitos
1555 5113 1591 5162 illi

1076 5194 1165 5244 illauda
1179 5212 1224 5245 nec
1236 5196 1261 5245 in
1275 5196 1337 5246 Ditis
1353 5197 1408 5247 sede
1423 5197 1510 5248 silente
1520 5198 1584 5248 silet.
