4020 5946
177 412 235 473 328
735 408 990 468 ANTHOLOGlAE
1012 408 1215 467 inunitam

148 544 245 606 ⁶0idt
258 544 283 603 τί
297 566 327 603 σε
341 542 456 602 κτεάνων
471 542 609 624 ἐρρύσατο·
623 547 683 621 φεῦ,
694 541 805 615 ἐλεεινὲ,

213 632 280 692 ὤλεο
293 634 428 714 μοχθήσας
440 632 527 711 ἰχθύσι
542 631 587 690 καί
601 631 723 710 πελάγει.

383 783 451 833 287.
477 773 738 833 ANTlllrlTl‘Ol'.

176 913 229 973 Καὶ
244 911 317 972 νίκυν
333 913 480 992 ἀπρήύντος
491 913 593 984 ἀνιήσει
605 937 638 989 με
652 914 772 972 θάλασσα

214 1006 307 1072 Λύσιν,
323 1000 438 1079 ἐρημαίῃ
454 1001 571 1081 κρυπτὸν
586 1000 636 1059 ὑπὸ
653 1003 775 1077 σπιλάδι,

175 1090 282 1168 στρηνὲς
296 1088 337 1147 αἰεί
352 1094 471 1169 possedeo
484 1092 547 1169 παρ’
562 1092 653 1164 οὔατι,
667 1089 712 1148 καί
729 1089 800 1169 παρὰ
818 1088 904 1169 κωρθν

215 1182 300 1255 σῆμα.
314 1178 350 1239 Τί
362 1178 398 1255 μ’,
411 1177 564 1258 ὤνθρωποι,
579 1179 641 1256 τῇδε
655 1176 841 1258 παρῳκίσατε,

175 1265 192 1338 ll
207 1268 297 1336 πνοιῆς
310 1266 416 1345 χήρωσε
437 1266 481 1325 τόν
495 1267 542 1324 οὐκ
554 1265 596 1324 ἐπὶ
610 1265 711 1345 populls
723 1263 767 1336 νηῒ

214 1354 337 1434 ἔμπορον,
353 1357 410 1413 ἀλλ’
422 1355 510 1432 ὀλίγης
525 1353 643 1412 ναυτίλον
659 1355 771 1434 εἰρεσίης

174 1440 309 1516 θηκαμένη
323 1441 450 1521 ναυηγίη
465 1446 478 1499 θ
492 1442 514 1500 θ’
526 1443 556 1499 ἔκ
567 1442 671 1501 πόντοιο
686 1441 806 1518 ματεύων

215 1529 295 1606 ζωὴν,
311 1531 341 1588 lx
354 1529 449 1589 πόντου
464 1530 508 1588 καί
525 1528 605 1609 μόρον
621 1530 795 1606 είλκυσόμην.

432 1674 483 1725 288
513 1678 572 1723 ΤΟΥ
590 1679 698 1725 ΑΥΤΟΥ.

175 1797 321 1880 Οὒδετίρης
334 1797 392 1866 θλος
405 1800 460 1875 εἰμί
475 1799 558 1861 θανὼν
572 1799 664 1873 νέκυς,
678 1801 746 1861 ἀλλὰ
759 1801 879 1861 θάλασσα

213 1886 258 1945 καὶ
271 1886 342 1966 χθὼν
355 1886 402 1959 τήν
419 1889 465 1945 ἀπ’
478 1891 540 1964 ἐμεῦ
557 1892 650 1967 μοῖραν
666 1887 771 1968 ἔχουσιν
786 1887 856 1960 ἴσην.

175 1973 269 2055 Σόρκα
283 1973 334 2053 γάρ
347 1976 373 2033 ἓν
388 1973 476 2055 πόντῳ
491 1974 572 2055 ράγον
587 1975 689 2055 ἰχθύες·
700 1975 779 2036 ὀστέα
792 1977 814 2035 θ’
825 1969 887 2037 αθττ

216 2061 360 2141 βέόρασται
372 2064 461 2143 ψυχρῇ
473 2063 535 2140 τῇδε
547 2068 613 2143 παρ’
626 2063 703 2135 ήῖόνι.

261 2215 330 2267 289.
354 2208 602 2267 ΑΝΤΙΠΑΤΡΟΥ
624 2208 869 2270 ΜΑΚΕΔΟΝΟΣ.

175 2343 262 2404 ’dubio
276 2345 320 2403 τὸν
331 2345 445 2423 ναυηγθν
461 2347 503 2404 tsi
515 2347 600 2424 στόμα
616 2348 738 2418 Πηνειοῖο

213 2429 303 2499 νυκτθς
319 2432 384 2512 ὑπὲρ
401 2436 477 2511 βαιῆς
488 2432 630 2510 νηξάμενον
645 2435 762 2507 σανίδος,

174 2521 277 2597 μούνιος
288 2523 318 2580 ἐκ
330 2521 436 2596 θάμνοιο
447 2519 527 2600 θορὼν
539 2522 624 2595 λύκος,
638 2521 753 2582 ἄσκοπον
764 2522 856 2603 ἄνδρα,

214 2607 331 2668 ἔκτανεν.
347 2604 384 2667 Ὦ
398 2607 474 2686 γαίης
489 2609 597 2686 κύματα
610 2609 769 2691 πιστότεραί

288 2759 356 2810 290.
379 2751 624 2812 ΣΤΑΤΥΛΑΙΟΥ
645 2753 844 2813 ditandi.

174 2885 302 2947 Λαίλαπα
314 2887 360 2946 καί
375 2887 469 2964 μανίην
484 2890 559 2960 θλοής
574 2889 738 2969 προγυγόντα
753 2892 885 2966 θαλάσσης

214 2975 337 3055 ναυηγθν,
353 2974 481 3043 Λιύυκαῖς
493 2976 612 3053 κείμενον
627 2980 653 3036 ἐν
664 2978 809 3059 ψαμάθοις,

175 3065 225 3142 οὔχ
236 3064 298 3130 ἑκάς
308 3063 415 3141 ήῖόνων,
427 3064 540 3145 πυμάτῳ
556 3064 736 3146 βεόαρημίνον
748 3067 836 3148 θπνῳ,

215 3151 325 3228 γυμνὸν,
338 3151 391 3209 ἀπὸ
406 3156 531 3232 στυγερῆς
545 3156 579 3221 ὡς
593 3154 662 3231 κάμε
674 3160 846 3237 ναυρθυρίης,

978 552 983 601 i
1000 553 1083 613 Neque
1092 548 1332 599 uliumtebonorum
1342 549 1457 600 serravit.
1468 551 1521 598 ileu
1530 552 1536 599 !
1546 549 1692 611 miserande,

979 606 983 717 ί
1031 638 1136 703 periisti,
1148 637 1382 701 taboresperpessus
1390 649 1440 700 pro
1457 636 1566 700 piscibus
1580 640 1604 687 et
1619 651 1687 687 rnen.

1264 782 1318 829 287.
1335 780 1511 828 ANTlPATlll.

1001 921 1079 971 Etiam
1090 922 1215 970 mortuum
1227 918 1328 970 immitis
1336 919 1435 970 vexabit
1443 933 1484 969 me
1495 921 1585 982 pontus

1032 1011 1115 1075 Lysin,
1130 1011 1229 1061 deserto
1240 1008 1366 1060 eonditum
1379 1010 1426 1059 sub
1439 1008 1555 1072 scopulo,

1001 1099 1105 1163 grnrbm
1116 1111 1194 1161 usque
1203 1110 1291 1148 sonans
1305 1095 1336 1145 ad
1348 1109 1441 1155 aurern,
1451 1097 1555 1159 etjurta
1566 1098 1665 1146 mutum
1682 1096 1787 1161 [suistb

1032 1189 1227 1237 monumentum.
1243 1184 1371 1245 Quidue,
1383 1182 1534 1244 ollonium,
1548 1183 1607 1234 huie
1619 1185 1784 1249 ricinum-po-

1001 1276 1134 1339 quianima
1145 1274 1257 1324 riduarit
1265 1286 1313 1322 non
1323 1272 1347 1321 in
1356 1272 1466 1322 oneraria
1476 1286 1539 1322 nare
1759 1257 1762 1262 ’

1032 1366 1208 1421 mercatorem,
1223 1360 1268 1411 sed
1281 1359 1349 1424 parri
1362 1362 1464 1410 nautam
1477 1360 1571 1425 remigii

1002 1453 1107 1503 reddens
1115 1451 1278 1514 naufragum?
1287 1451 1338 1513 Ego
1348 1463 1407 1499 vero
1422 1450 1625 1514 amariqumrena

1033 1539 1141 1599 rictum,
1155 1551 1170 1587 e
1185 1537 1246 1587 mari
1259 1536 1332 1587 etium
1345 1539 1449 1586 mortem
1462 1536 1600 1587 nribitrari.

1281 1686 1336 1731 288.
1357 1687 1508 1731 musonii.

1002 1820 1118 1871 Neutrius
1130 1824 1199 1872 totus
1211 1836 1268 1873 sum
1277 1824 1424 1887 post-iatum
1434 1822 1547 1871 mortuus
1556 1859 1561 1882 ‚
1574 1818 1618 1870 sed
1627 1832 1694 1870 mare

1033 1912 1058 1959 et
1067 1912 1133 1959 terra
1144 1910 1176 1960 de
1185 1923 1224 1961 me
1233 1914 1328 1974 partem
1338 1910 1429 1961 babent
1443 1922 1549 1973 usquam.

1002 1998 1106 2048 Carnem
1116 1998 1182 2048 enim
1191 1997 1216 2047 in
1222 2001 1298 2063 ponto
1306 1999 1466 2050 comederunt
1471 1997 1561 2062 pisces
1569 2009 1626 2047 ossa
1633 2009 1692 2047 reso
1701 2008 1788 2047 mrsus

1033 2087 1177 2150 ejecta-sunt
1184 2086 1295 2151 frigidam
1304 2085 1367 2137 bano
1375 2100 1450 2152 prope
1458 2086 1543 2150 ripam.

1174 2234 1227 2280 289.
1245 2231 1410 2280 ANTlPATlll
1426 2229 1616 2279 MACEDONlS.

1002 2368 1125 2421 Antheum
1138 2372 1286 2436 naufragum
1300 2371 1333 2422 ad
1344 2371 1437 2423 οοίίιιιιι
1452 2371 1525 2422 Penei

1033 2460 1106 2509 noctu
1116 2471 1190 2523 snper
1199 2460 1284 2524 exigua
1294 2461 1505 2524 qnnmenatasaet
1518 2458 1616 2518 tabula,

1002 2546 1126 2598 solitarius
1135 2548 1237 2600 dumeto
1246 2549 1374 2614 prosiliens
1383 2550 1472 2614 lupus,
1483 2546 1647 2612 improvidum
1656 2545 1755 2608 uirum,

1032 2635 1129 2686 occidit.
1141 2638 1236 2687 Olerrl
1247 2638 1337 2687 linctus
1347 2636 1482 2686 fideliores!

1222 2780 1275 2824 290.
1293 2776 1425 2824 STATlLll
1442 2775 1563 2824 flacci.

1001 2913 1107 2964 Turbine
1119 2916 1144 2964 et
1158 2912 1225 2964 rabie
1236 2912 1330 2964 uitiosi
1342 2914 1454 2976 elapsum
1469 2912 1543 2962 maris

1032 3002 1194 3066 naufragum,
1208 3000 1304 3064 Libycis
1316 3002 1438 3066 jacentem
1449 3002 1474 3051 in
1490 3000 1584 3062 arenis,

1001 3106 1050 3142 non
1063 3092 1149 3156 procul
1162 3091 1325 3151 alittoribus,
1339 3105 1453 3155 supremo
1467 3093 1596 3154 mustum
1609 3103 1708 3152 somno,

1033 3180 1135 3240 nudum,
1150 3182 1288 3231 aluctuoso
1297 3179 1456 3243 defatigatum
1467 3178 1600 3247 naufragio,

176 3240 268 3299 ἴκτανῑ
282 3241 375 3322 λυγρὸς
392 3241 455 3321 ἔχις·
471 3240 507 3302 Τί
521 3243 608 3319 μάτην
622 3245 685 3325 πρὸς
696 3246 794 3322 κύματ’
805 3250 926 3328 ἐμόχθει,
1001 3267 1092 3318 occidit
1104 3268 1240 3332 perniciosa
1253 3268 1345 3332 uipera.
1356 3267 1422 3326 Quid
1436 3268 1528 3317 trustra
1545 3266 1661 3316 tluctibus
1675 3265 1787 3316 ablustu-

216 3327 262 3401 τήν
275 3328 318 3388 tul
333 3333 381 3408 γῆς
395 3328 495 3408 φεύγων
507 3339 601 3411 μοῖραν
615 3334 798 3414 ὀρειλομίνηνς

314 3479 382 3530 291.
406 3473 653 3535 ΞΕΝΟΚΡΙΤΟΥ
674 3477 820 3539 portior.

94 3640 104 3667 ι
176 3612 276 3672 Χαῑταί
290 3636 335 3673 σου
350 3613 487 3682 στάζουσιν
501 3614 537 3674 ἔθ’
548 3615 668 3695 ἁλμυρά,
685 3617 797 3698 δύσμορε
810 3621 907 3702 κούρη,

215 3699 328 3777 ναυηγὲ,
340 3700 464 3780 ιρθιμάνης
478 3704 514 3760 εἰν
530 3702 589 3775 ἁλί,
603 3707 742 3778 Λυσιδίκη.

176 3869 227 3914 Nee
240 3874 275 3914 tot
289 3880 345 3931 opes
356 3875 456 3932 potuere
469 3866 512 3916 tibi
527 3867 654 3918 defendere
669 3871 726 3919 luera

209 3953 281 4010 Fata,
296 3948 409 3999 laborasti
424 3950 528 4016 piscibus
539 3961 564 4000 et
575 3952 667 4018 pelago.

454 4063 511 4124 287.
537 4078 681 4113 enarrem.

176 4172 281 4233 AEquora
295 4167 438 4235 permitiunt
447 4167 507 4219 milri
516 4186 561 4220 nee
569 4177 624 4236 post
633 4170 681 4222 iata
689 4172 794 4238 quietem

208 4250 299 4316 Lysidi,
313 4251 407 4301 deserto
419 4252 460 4317 qui
475 4261 542 4317 tegor
553 4253 577 4302 in
587 4255 685 4321 scopulo
701 4271 708 4304 t

175 4331 214 4382 Sic
228 4348 297 4383 aures
309 4333 415 4383 tantille
426 4333 504 4399 iragor
513 4335 659 4401 surdumque
670 4336 826 4402 sepulchrum

209 4414 346 4480 Perstrepit.
381 4414 427 4464 llic
441 4415 550 4467 homines
565 4433 608 4466 erar
623 4416 683 4467 mibi
696 4417 764 4467 busta
783 4418 860 4468 dotis?

175 4494 214 4545 dd
226 4511 308 4554 mare,
321 4497 385 4562 qnod
402 4497 473 4547 ritem
485 4500 565 4565 rapuit
577 4499 636 4549 mibi
646 4538 654 4564 ‚
664 4515 718 4550 eum
729 4516 781 4550 meu
797 4500 878 4550 multis

209 4579 264 4627 Non
276 4587 337 4627 esset
348 4578 419 4626 remis
433 4578 548 4630 invidiose
561 4581 628 4631 ralis.

176 4660 240 4708 Dum
254 4674 322 4707 meus
335 4658 359 4707 in
373 4661 457 4725 pelago
467 4660 536 4710 labor
548 4671 583 4711 est
594 4660 654 4711 mihi
668 4678 777 4726 quaerere
792 4663 876 4722 ritum,

210 4744 238 4790 Iu
249 4741 334 4808 pelago
347 4758 411 4791 mors
420 4753 455 4792 est
469 4761 524 4794 eece
535 4754 632 4811 repertu
644 4746 713 4797 nrilri.

478 4852 534 4900 288.
551 4868 667 4901 tunsone.

177 4961 233 5011 Non
245 4958 315 5007 tellus
330 4967 419 5019 toturn,
431 4973 480 5007 ιιοιι
492 4973 532 5008 me
545 4967 612 5008 tenet
623 4958 702 5021 unda,
713 4960 754 5008 sed
766 4975 857 5024 requam

211 5043 286 5090 Terra
298 5040 345 5089 mei
361 5047 470 5106 purtem,
485 5057 529 5090 nec
546 5040 624 5090 minus
634 5056 717 5106 sequior
731 5041 813 5091 haber.

179 5120 284 5170 Piscibus
301 5137 354 5171 esca
368 5137 422 5171 earo
434 5121 495 5171 iactu
509 5132 544 5171 est
558 5138 629 5172 urea:
646 5122 727 5172 littore
739 5139 831 5173 summo

213 5205 267 5252 Huc
280 5203 354 5268 ejecta
369 5202 563 5273 marisvssuclibus
579 5219 629 5253 essu
638 5204 728 5269 jacent.

1034 3354 1095 3404 dum
1106 3355 1202 3420 lugeret
1215 3355 1321 3405 irrierris
1332 3357 1422 3405 sortem
1433 3353 1559 3404 debitam?
1690 3352 1785 3418 [batur,

1213 3499 1264 3547 291.
1282 3496 1450 3547 xenocnm
1465 3497 1584 3546 llllODll.

1002 3635 1087 3686 Crines
1100 3640 1152 3688 tue
1166 3637 1258 3688 stillant
1271 3637 1358 3688 adbuc·
1367 3638 1524 3702 salsuginem,
1539 3638 1619 3688 iniciis
1632 3637 1729 3702 puella,

1033 3721 1162 3786 naufraga,
1173 3723 1297 3773 esadnctue
1311 3724 1336 3772 in
1348 3723 1423 3783 mari,
1433 3723 1553 3786 Lysidire.

1208 3884 1265 3946 ²⁸9·
1289 3898 1420 3931 enisurus
1438 3899 1582 3933 racemosus.

1004 3990 1064 4038 Cum
1077 4004 1151 4055 prope
1162 3990 1212 4056 jam
1224 3991 1302 4040 saluus
1316 3991 1386 4040 Penei
1398 4002 1465 4042 naret
1478 3992 1502 4041 in
1514 4009 1556 4043 ore

1037 4070 1146 4121 Anthene
1158 4073 1240 4139 exigua
1252 4073 1378 4138 naufragus
1391 4075 1415 4123 in
1432 4075 1527 4136 tubula;

1005 4153 1119 4204 Exsilium
1129 4155 1186 4205 silua
1199 4158 1311 4206 miserum
1324 4158 1392 4222 lrrpns
1406 4167 1500 4208 enecat.
1536 4157 1617 4208 Eheu!

1038 4236 1095 4287 Fida
1109 4239 1187 4289 minus
1199 4241 1282 4301 tellus,
1297 4256 1369 4307 quum
1383 4242 1455 4292 maris
1466 4241 1533 4292 unda
1544 4240 1600 4294 fuir.

1246 4375 1304 4423 290·
1321 4376 1428 4408 unnim
1445 4376 1540 4411 mcci.
1633 4423 1640 4436 .

1008 4475 1068 4521 Dum
1081 4470 1171 4535 lugiens
1182 4470 1249 4519 saeris
1260 4468 1359 4534 agitatus
1368 4469 1464 4519 llatilsus
1474 4470 1548 4520 undas

1038 4553 1169 4617 Naufragus
1184 4553 1207 4601 in
1220 4553 1307 4618 Libyca
1317 4552 1366 4617 jam
1376 4551 1602 4618 requiesciturus,

1007 4636 1115 4685 Membra
1124 4653 1209 4702 sopore
1219 4637 1283 4701 grfli
1297 4637 1417 4693 domitus,
1430 4652 1479 4685 uon
1494 4636 1576 4686 littore
1586 4636 1668 4699 longe,

1037 4720 1122 4770 Nudus
1132 4718 1163 4767 ab
1175 4719 1290 4783 [equoreis
1304 4720 1345 4770 vix
1357 4729 1476 4769 recreatus
1488 4719 1569 4783 aquis,

1007 4804 1110 4869 Viperco
1126 4801 1189 4869 perit
1202 4818 1253 4853 ore.
1290 4804 1353 4867 Quid
1369 4803 1417 4852 heu
1438 4803 1557 4869 pugnabat
1571 4802 1593 4850 in
1607 4801 1680 4850 nudus

1038 4889 1071 4934 Ut
1085 4883 1174 4950 ingeret
1189 4885 1258 4935 terris
1270 4885 1350 4936 debita
1362 4885 1409 4936 iata
1421 4885 1486 4936 sibi?

1230 5018 1288 5066 291.
1305 5019 1444 5052 nicoeam
1463 5017 1559 5053 nobil·

1005 5123 1072 5171 Nnne
1085 5135 1180 5186 quoque
1189 5123 1248 5171 salsa
1261 5121 1307 5172 tuis
1319 5122 1422 5171 destillat
1431 5132 1496 5186 gutta
1510 5123 1602 5188 euplllis
1610 5157 1618 5183 ,

1036 5204 1160 5270 Lysidiee,
1171 5221 1232 5255 sero
1246 5214 1313 5272 rapta
1328 5207 1408 5272 puella
1419 5207 1489 5258 muri.
