4020 5946
210 341 272 402 370
397 415 401 422 Ι
768 341 1022 403 ANTHOLOGIAE
1046 343 1248 405 PALATINAE

249 485 285 549 εἷς
299 482 364 543 Χίον
379 472 430 541 εὖτ’
445 481 477 540 ἂν
491 481 553 562 ίκη,
570 483 649 563 πατρὶ
667 483 862 561 Μελησαγόρη,

207 574 243 636 ὡς
255 571 301 648 ἐμὲ
318 571 365 647 μὲν
380 571 425 631 καὶ
439 577 490 643 νῆα
502 572 548 630 καὶ
561 571 689 650 ἐμπορίην
704 573 784 638 κακός
801 563 883 652 ΙΞύρος

247 658 363 739 ὤλεσεν,
382 663 502 724 Εὐίππου
516 660 538 718 δ’
552 659 617 720 αὐτὸ
628 659 743 720 λέλειπτ’
756 660 850 736 ὄνομα.

467 813 536 864 sot.
568 806 733 865 uereor.

211 940 297 1020 Εὗρου
312 943 447 1021 χειμέριαί
461 966 490 1001 σε
507 942 656 1022 καταιγίθες
671 943 829 1015 ἐξεκύλισαν,

247 1031 346 1102 mille,
357 1031 531 1113 πολυκλύστῳ
541 1032 638 1110 γυμνὸν
654 1033 696 1092 ἐπ’
707 1033 791 1106 ἠϊόνι,

206 1119 310 1199 οἰνηρῆς
325 1119 437 1179 Λέσύοιο
450 1120 524 1200 παρὰ
537 1121 646 1201 σφυρόν·
659 1120 788 1198 αἰγίλιπος
802 1117 829 1177 δὲ

247 1205 342 1289 πέτρου
357 1207 507 1287 ἁλιόρέκτῳ
521 1216 608 1267 κεῖσαι
621 1208 671 1267 ὑπὸ
683 1208 807 1287 πρόποδι.

427 1356 494 1406 502.
524 1348 769 1406 NlKAlNETOl'.

206 1488 296 1568 Ἠρίον
309 1487 363 1566 εἰμί
378 1487 508 1563 Βίτωνος,
524 1489 655 1568 ὁδοιπόρε·
669 1492 692 1547 εί
704 1488 730 1547 δὲ
745 1488 869 1569 Τορώνην

246 1577 342 1634 λείπων
353 1578 387 1642 εἰς
398 1576 411 1600 ”
429 1576 509 1649 αὐτὴν
524 1577 615 1658 ἔρχεαι
627 1577 651 1636 Ἀ
657 1577 799 1657 μρίπολιν,

205 1668 287 1724 εἰπεῖν
303 1665 456 1746 Νικαγόρα,
467 1666 570 1724 παίδοιν
586 1665 626 1725 ὅτι
640 1666 684 1724 τὸν
695 1666 773 1740 μόνον
786 1668 856 1746 αὐτῷ

246 1755 409 1833 Στρυμονίης
424 1755 518 1836 ἐρίφων
533 1753 616 1813 ὤλεσε
627 1755 767 1829 πανδυσίη.

457 1908 527 1958 503.
551 1898 732 1957 diruptus.

204 2062 233 2100 α.
250 2036 368 2117 Ἀργείης
381 2026 403 2096 ὦ
414 2037 481 2104 θινὸς
493 2036 707 2113 ἐπεστηλωμένον
722 2036 816 2116 ἄχθος,

244 2125 326 2193 εἴποις
339 2125 416 2183 ὅντιν’
430 2124 510 2204 ἔχεις,
525 2124 542 2197 ἦ
556 2125 642 2201 τίνος,
655 2124 811 2196 ἢποδαπόν.

206 2217 234 2293 β.
246 2210 361 2271 Φίντων’
371 2211 521 2290 Ἑρμιονῆα
537 2210 693 2282 Βαθυκλέος,
708 2210 735 2270 θν
752 2211 818 2271 πολὺ
834 2217 907 2287 κῦμα

243 2299 354 2373 ὤλεσεν,
368 2301 524 2380 Ἀρκτούρου
538 2300 650 2357 λαίλαπι
665 2301 845 2378 χρησάμενον.

459 2456 520 2507 504.
541 2458 601 2504 ΤΟΥ
624 2458 729 2505 ΑΥΤΟΥ.

204 2593 339 2674 Πόρμιςθ
355 2593 542 2671 Καλλιγνώτου
564 2595 704 2660 ἕπακταῖος
722 2593 903 2670 nonancurte,

245 2684 323 2762 ἄκρος
334 2681 380 2740 καὶ
396 2682 490 2760 κίχλης
505 2681 550 2740 καὶ
567 2682 665 2760 σκάρου
681 2679 845 2760 θχθυύολεύς,

203 2772 248 2831 καὶ
264 2769 365 2849 λύθρου
379 2769 477 2847 πέρκης
490 2769 682 2848 δελεᾶρπαγος,
694 2772 761 2827 ὅσσα
775 2793 804 2828 τε
816 2769 906 2835 κοίλας

244 2858 379 2937 σήραγγας
391 2856 488 2937 πέτρας
502 2856 526 2914 τ’
541 2855 679 2930 insontem
693 2857 816 2930 νέμεται,

162 2970 177 3011 s
204 2951 217 2973 *
232 2950 314 3026 ἄγρης
327 2949 356 3005 ἐκ
370 2944 475 3023 πρόιτης
489 2948 548 3003 ποτ’
562 2944 662 3003 ἰουλίδα
675 2944 840 3023 πετρήεσσαν

244 3036 395 3104 δακνόζων,
408 3030 484 3102 ὀλοὴν
497 3029 523 3099 ἐξ
537 3030 598 3097 ilie
608 3029 752 3109 ἀράμενος,

202 3122 301 3202 ἔφθιτ’·
314 3119 439 3199 θλισθηρὴ
454 3118 504 3199 γὰρ
517 3120 561 3176 ὑπ’
577 3121 606 3176 ἐκ
619 3118 697 3199 χερὸς
709 3114 804 3187 ἀίξασα

241 3209 321 3290 ᾤχετ’
334 3208 377 3268 ἐπὶ
389 3208 488 3267 στεινὸν
502 3207 656 3282 παλλομένη
669 3207 782 3285 ρόρυγα.

202 3300 252 3360 xo
268 3297 316 3376 μὲν
332 3296 462 3375 μηρίνθων
475 3294 520 3354 καὶ
533 3295 654 3361 δούνοοιος
667 3296 814 3374 ἀγκίστρων
825 3318 854 3353 τε

148 3407 174 3447 ιο
242 3386 317 3465 ἐγγύς
332 3385 385 3444 ἀπὸ
398 3383 489 3458 πνοιὴν
505 3376 554 3456 ἧκε
568 3384 762 3460 κυλινδόμενος,

200 3478 299 3556 νήματ’
313 3475 468 3546 ἀναπλήσας
480 3474 685 3554 ἕπιμοίρια·το’ῦ
702 3472 728 3531 δὲ
745 3472 863 3539 θανόντος

241 3566 348 3646 λ’ρίπων
362 3570 376 3624 θ
388 3561 495 3644 γριπεύς
511 3571 602 3624 τοῦτον
617 3563 701 3642 ἔχωσε
713 3561 806 3642 τοίρον.

234 3785 296 3847 Die,
310 3783 411 3849 hospes,
421 3783 494 3849 petri,
511 3799 599 3850 queso,
613 3783 780 3846 Melesagorse,

199 3873 288 3934 Meque
298 3876 421 3932 ratemque
429 3877 454 3916 et
468 3883 529 3916 onus
537 3883 599 3916 saexo
616 3866 714 3931 periisse
730 3866 775 3916 sub
785 3868 866 3926 Euro,

233 3946 319 4017 eeippi
331 3965 434 4011 nomeu,
443 3949 496 4015 plois
505 3947 567 3998 nihil
579 3964 629 3997 esse
639 3963 721 4013 super.

508 4070 565 4118 501.
582 4084 671 4116 eaesis.

197 4190 319 4258 Ejeeitte,
335 4188 423 4252 Pliilli,
437 4173 516 4238 serens
528 4188 558 4238 od
573 4188 655 4238 littora
667 4188 757 4237 nudum

231 4280 295 4326 Euro
305 4274 379 4325 llante
392 4273 457 4339 gran
472 4272 566 4323 concita
579 4272 653 4322 tristis
668 4272 749 4339 hyems
763 4291 769 4322 :

198 4358 286 4408 Lesbos
299 4357 341 4408 ubi
356 4356 428 4406 sineru
441 4356 506 4424 capit
515 4356 593 4406 insula
601 4393 608 4417 ,
622 4356 666 4406 suli
675 4355 735 4422 pede
745 4356 794 4404 sexi

219 4442 360 4517 distantis,
374 4441 451 4508 pelagi
459 4441 526 4507 flirod
536 4440 592 4490 lerit
605 4441 763 4505 unda,jaoes.

489 4560 548 4607 5ου.
567 4574 699 4606 uicenam·

196 4677 249 4739 lpse
263 4672 355 4723 Bitonis
366 4671 440 4723 linires
451 4673 538 4740 hospes
553 4684 709 4723 monumenta
728 4688 734 4723 :
751 4678 848 4722 Torone

229 4754 364 4821 Digressum
376 4754 397 4803 si
409 4763 433 4803 te
443 4754 490 4804 lert
499 4756 546 4804 iter
554 4754 739 4821 Amphipolim,

195 4837 318 4903 Nicagoras
331 4836 407 4892 dions,
426 4836 456 4884 de
474 4845 550 4885 matre
566 4837 630 4901 quod
643 4836 728 4886 unicus
740 4836 774 4886 illi

228 4919 364 4987 Strymonia
373 4916 446 4986 periit
455 4956 463 4979 ,
473 4917 530 4966 dum
547 4917 612 4967 soliis
624 4917 705 4967 lnedus
716 4934 797 4984 αιγιιιιε.

489 5039 546 5088 5ο3.
567 5054 688 5088 aeonion.

196 5157 242 5208 liic
253 5157 358 5225 lapidum
368 5195 375 5221 ,
384 5157 410 5207 in
420 5158 495 5207 reteri
507 5157 548 5224 qui
559 5158 641 5207 littore
648 5158 738 5223 surgis,
751 5172 850 5218 noerae,

1013 486 1020 511 ¹
1069 483 1157 535 Chium
1173 486 1215 536 ubi
1232 488 1342 549 ueneris,
1358 490 1422 552 patri
1433 490 1601 554 llelesagorm‚

1037 574 1103 636 quod
1116 587 1156 624 me
1166 575 1263 638 quidem
1272 578 1297 626 et
1305 590 1393 628 navem
1402 581 1427 629 et
1440 592 1533 629 memes
1545 580 1624 630 matus
1633 584 1713 632 Eunus

1069 663 1214 727 perdiderit,
1225 665 1311 730 Euippi
1321 669 1403 717 autem
1417 668 1497 718 solum
1512 669 1676 732 reliquumsit
1690 685 1788 723 nomeu.

1336 820 1390 865 sot.
1408 817 1523 867 PERSAE.

1036 950 1095 998 Euri
1104 949 1214 1002 hibernus
1227 956 1252 1004 te
1263 955 1376 1018 procellae
1386 957 1544 1021 evolverunt,

1067 1038 1191 1104 oPhillis,
1205 1042 1415 1097 undis-verberato
1425 1047 1521 1099 nudum
1531 1049 1557 1099 in
1566 1050 1664 1114 littore,

1036 1127 1147 1178 rinitores
1162 1129 1234 1181 lesld
1243 1133 1316 1197 juxta
1329 1139 1569 1201 ostensam-partem
1581 1160 1587 1189 ι
1597 1140 1669 1191 celse
1680 1144 1764 1193 autem

1067 1217 1142 1278 retem
1154 1218 1523 1287 marino-ductuinigumjmes
1535 1226 1567 1276 ad
1578 1226 1694 1278 radicem.

1308 1371 1362 1415 502.
1380 1368 1545 1418 NICAENETl.

1035 1498 1180 1562 Sepulcrum
1196 1514 1252 1553 sum
1268 1504 1375 1568 Bitonis,
1388 1507 1504 1567 oriatom
1513 1510 1534 1559 si
1547 1522 1606 1560 xero
1615 1549 1621 1570 ‚
1631 1513 1743 1562 Toronen

1065 1587 1192 1652 linquens,
1207 1592 1232 1641 in
1242 1592 1320 1657 ipsam
1333 1594 1409 1645 redas
1420 1598 1595 1661 Amphipolim,

1034 1674 1074 1725 dio
1086 1677 1224 1742 Nicagorm,
1237 1692 1370 1743 puerorum
1380 1683 1447 1746 quod
1458 1685 1557 1736 unicum
1567 1687 1602 1737 illi

1065 1767 1215 1829 Strymonias
1226 1772 1319 1819 unitus
1329 1771 1464 1822 llxedorum
1471 1775 1615 1826 exstinxerit
1628 1772 1759 1828 inoomsu.

1313 1919 1365 1963 503.
1384 1916 1538 1966 lAEONlDAE.

1033 2067 1059 2104 ο.
1074 2055 1162 2120 Argiva
1174 2071 1189 2107 o
1203 2056 1309 2108 inarena
1321 2061 1551 2124 erectum-pondus,

1063 2146 1131 2196 dieas
1142 2160 1273 2210 quemnam
1284 2149 1408 2210 oollibeas,
1418 2150 1458 2201 xel
1467 2152 1537 2215 cujus
1544 2148 1641 2215 tilium,
1652 2154 1691 2203 vel
1700 2156 1817 2218 eirjatem.

1032 2234 1056 2284 0.
1080 2235 1225 2286 Plrintonem
1248 2238 1449 2289 Hermioneusem
1472 2240 1611 2305 Bathyelis,
1629 2256 1704 2299 quem
1723 2245 1819 2294 mirltus

1064 2323 1183 2386 perdidit,
1194 2325 1290 2376 Arcturi
1299 2327 1405 2405 procella
1421 2342 1504 2379 usum.
1688 2334 1690 2339 “
1707 2332 1820 2395 [duetus

1314 2467 1368 2513 504.
1391 2473 1541 2516 reusneri.

1032 2596 1126 2646 Parmis
1140 2596 1267 2661 calligiroti
1280 2599 1345 2649 filius
1356 2640 1361 2661 ,
1373 2600 1496 2651 ex·tittore
1507 2604 1622 2665 piscator,

1062 2699 1176 2736 summus
1187 2689 1212 2736 et
1223 2687 1289 2736 turdi
1301 2701 1330 2737 ao
1346 2689 1409 2737 scari
1421 2689 1657 2755 piscium-captator,
1787 2749 1791 2757 ,

1032 2775 1058 2823 et
1070 2773 1149 2823 aride
1161 2788 1241 2838 perone
1256 2776 1478 2840 eseam-rapientis,
1491 2780 1516 2828 et
1526 2780 1703 2845 omniumquae
1714 2797 1775 2834 rare

1063 2865 1133 2911 antra
1145 2864 1277 2925 petrasque
1293 2862 1488 2914 intundomaris
1498 2864 1622 2928 habitant,

1031 2950 1132 3012 captura
1147 2963 1175 2999 ex
1186 2949 1264 3012 prima
1278 2949 1337 2998 olim
1351 2950 1450 3001 inlidem
1463 2952 1592 3004 saxatilem

1063 3037 1398 3101 mordicus-apprehendens,
1409 3039 1537 3090 exitiosam
1548 3055 1562 3091 e
1576 3043 1638 3092 mari
1649 3051 1818 3106 quam-sustu-

1030 3127 1101 3190 periit
1116 3140 1122 3170 2
1136 3126 1230 3175 lubrica
1239 3126 1329 3175 etenim
1340 3140 1354 3175 e
1365 3140 1438 3176 mauu
1451 3127 1581 3180 subsiliens
1736 3123 1817 3197 leret}

1061 3214 1120 3264 abiit
1131 3214 1155 3262 iu
1168 3215 1299 3277 augustum
1311 3215 1417 3263 tremula
1427 3218 1519 3278 guttur.

1030 3309 1061 3356 st
1070 3306 1111 3356 ille
1127 3304 1227 3368 quidem
1241 3318 1317 3369 prope
1327 3306 1449 3356 tenentos
1457 3311 1483 3356 et
1495 3307 1640 3359 arundinem
1652 3311 1678 3361 ot
1692 3310 1778 3362 tremos

1060 3393 1175 3457 spiritum
1187 3393 1268 3443 emisit
1282 3394 1423 3454 revolutus,

1029 3482 1183 3547 lrlaimpleus
1199 3482 1281 3533 lamiis
1294 3503 1301 3532 ι
1316 3483 1381 3532 illius
1395 3487 1477 3534 autern
1498 3485 1588 3535 mortui

1061 3572 1135 3636 Gripo
1148 3572 1254 3636 piscator
1269 3570 1337 3621 hunc
1350 3573 1471 3636 congessit
1485 3574 1616 3624 tumulum.

1070 3781 1148 3840 Quem
1159 3812 1166 3838 ,
1177 3778 1243 3843 cujus
1255 3786 1336 3826 natum
1351 3777 1425 3843 patris
1439 3787 1464 3826 et
1478 3779 1541 3828 unde
1557 3780 1633 3845 tegis?

1028 3861 1148 3911 Phintona
1157 3861 1304 3911 Hermionen
1320 3860 1456 3927 Bathycleis
1469 3878 1476 3911 ι
1490 3862 1588 3913 abstulit
1606 3865 1675 3914 illum

1063 3943 1160 3995 Arotiui
1173 3943 1272 3993 turbans
1280 3958 1340 3993 sera
1351 3941 1458 4010 procella
1468 3942 1564 3994 lretuni.

1317 4096 1375 4152 504.
1393 4111 1513 4147 ssusnars.

1028 4249 1211 4316 Calliguotiades
1228 4247 1338 4316 princeps
1346 4247 1372 4297 in
1382 4246 1500 4297 arundine
1511 4249 1618 4309 Parnris,

1060 4338 1107 4384 Seu
1121 4349 1178 4398 rega
1190 4348 1271 4399 peres,
1283 4347 1363 4382 marus
1371 4348 1413 4382 seu
1426 4332 1556 4398 capiendus
1567 4342 1635 4396 erat,

1027 4420 1073 4467 Seu
1083 4415 1167 4466 turdus
1180 4414 1257 4481 pelagi
1267 4452 1274 4478 ,
1284 4414 1385 4464 madidis
1393 4431 1435 4463 seu
1447 4413 1565 4480 quidquid
1578 4415 1602 4464 in
1616 4416 1694 4465 antris

1060 4497 1160 4561 Delitet,
1175 4507 1217 4547 aut
1230 4513 1274 4563 per
1290 4496 1357 4562 equis
1371 4496 1452 4547 obdita
1464 4513 1521 4547 saxa
1533 4506 1609 4556 natat,

1027 4584 1169 4646 spumantes
1185 4580 1289 4645 genitam
1303 4579 1375 4628 maris
1383 4581 1447 4629 inter
1457 4580 1532 4631 iulide
1545 4597 1618 4647 rupes
1634 4596 1638 4603 ⁴

1061 4664 1174 4729 Caeruleis
1182 4664 1284 4731 spolium
1298 4664 1380 4714 nobile
1393 4665 1456 4731 oepit
1470 4681 1547 4732 aquae.

1028 4750 1058 4797 Et
1071 4747 1162 4813 periit:
1176 4763 1279 4813 iramque
1288 4747 1330 4797 itta
1343 4763 1426 4797 manin
1434 4749 1515 4815 elapsa
1525 4749 1631 4798 tenentis

1062 4832 1168 4883 Transiit
1179 4832 1204 4881 in
1219 4831 1298 4881 lauces
1312 4848 1337 4881 se
1346 4833 1452 4897 jaculata
1468 4833 1523 4883 riri.

1028 4913 1066 4965 Sic
1075 4913 1117 4964 ille
1129 4922 1154 4963 et
1171 4914 1274 4963 ealamm
1287 4922 1312 4963 et
1322 4914 1383 4963 retia
1397 4925 1497 4980 propter
1509 4924 1533 4963 et
1550 4914 1636 4962 lmmos

1061 4995 1189 5046 Collabens
1201 4996 1305 5045 animam
1315 4997 1400 5062 ponit,
1414 4997 1496 5063 ibique
1504 4999 1574 5062 jacet,

1028 5078 1136 5144 Expletis
1151 5077 1197 5127 lilia
1211 5077 1344 5129 letalibus:
1360 5078 1426 5128 illins
1435 5079 1528 5129 umbrie

1063 5160 1178 5228 Griponis
1187 5161 1291 5229 Gripeus
1302 5162 1373 5228 erigit
1384 5161 1449 5211 liuue
1464 5162 1593 5212 tumulum.
