4000 5952
861 399 1077 466 PRAEPATIO.
1723 406 1754 469 ix

186 539 301 610 lentiae
315 553 436 610 autem
449 553 484 609 et
500 537 679 625 amicitiae,
693 560 764 633 qua
779 561 845 634 per
859 549 973 607 totam
990 537 1102 607 vitam
1119 538 1369 610 Boissonadius
1383 538 1555 611 Didotum
1570 540 1755 639 amplexus

186 675 283 753 erat,
302 661 374 733 boc
391 660 490 732 dedit
513 660 605 733 filius
626 674 665 730 ut
687 660 828 730 chartas
844 658 982 730 erudita
996 660 1130 756 pietate
1148 675 1319 759 tanquam
1336 679 1477 736 renatas
1496 665 1671 739 Didotum
1685 692 1753 764 po-

186 787 257 855 tius
271 810 380 882 quam
395 785 579 856 librarium
594 784 703 855 alium
717 808 801 854 cum
814 781 1010 853 lectoribus
1027 788 1195 877 φιλίλλησι
1213 788 1481 856 communicare
1500 786 1619 860 vellet.

235 908 388 1000 Quibus,
403 908 491 980 dum
519 909 673 1006 seposita
696 906 946 1004 quiescebant,
963 921 1183 977 accesserant
1198 932 1278 1005 quae
1295 913 1478 986 Jacoasrus
1501 924 1622 982 nostra
1644 914 1756 1009 gratia

186 1056 228 1102 ex
255 1032 386 1127 ingenii
408 1047 443 1101 et
461 1031 634 1103 doctrinae
656 1031 770 1129 copiis
791 1029 1081 1127 deprompserat,
1101 1055 1180 1128 qnae
1207 1038 1383 1123 Bornrus,
1408 1032 1565 1131 denique
1591 1059 1671 1130 quae
1690 1061 1756 1136 per

186 1155 311 1249 viginti
327 1179 442 1226 annos
459 1156 577 1227 eximii
590 1156 706 1226 critici
722 1154 768 1226 de
785 1152 996 1247 Anthologia
1011 1156 1243 1253 scripserant,
1266 1181 1423 1253 quorum
1438 1155 1573 1249 libros,
1593 1157 1753 1251 libellos,

186 1282 523 1369 commentationes,
542 1280 810 1351 observationes
826 1276 1077 1347 Boissonadius
1098 1300 1171 1345 non
1186 1274 1322 1347 viderat
1335 1275 1425 1348 dum
1444 1278 1481 1347 in
1498 1277 1626 1349 eodem
1647 1303 1757 1377 opere

187 1402 409 1493 versabatur,
425 1406 560 1501 quippe
576 1401 740 1474 nondum
757 1403 794 1471 in
812 1401 931 1471 lucem
946 1399 1053 1471 edita.
1074 1404 1155 1469 Haec
1169 1400 1291 1470 omnia
1306 1400 1632 1496 quemadmodum,
1651 1404 1679 1474 si
1703 1405 1757 1476 vi·

187 1538 303 1613 veret,
325 1527 473 1596 minime
491 1524 699 1620 neglexisset
721 1523 932 1596 immortalis
951 1523 1018 1593 viri
1037 1523 1127 1593 mira
1148 1520 1351 1617 diligentia,
1377 1525 1426 1594 ita
1452 1538 1533 1620 post
1555 1524 1757 1598 dolendum

186 1647 303 1729 latum
319 1672 392 1718 non
411 1672 485 1719 esse
505 1647 714 1743 negligenda
726 1646 903 1743 judicavit
920 1645 1090 1734 Didotns,
1104 1645 1166 1716 sed
1185 1648 1502 1718 commemoranda
1523 1672 1757 1747 quascumque

188 1785 251 1839 aut
267 1771 599 1868 interpretationem
623 1796 745 1842 sanam
768 1760 937 1867 adjuvare
953 1784 1013 1841 aut
1029 1770 1156 1840 vitiose
1173 1771 1305 1868 scriptu
1329 1772 1506 1866 corrigere
1529 1796 1635 1870 posse
1658 1774 1757 1846 vide·

187 1901 324 1959 rentur.

240 2017 398 2087 Huncin
423 2016 572 2087 modum
588 2041 627 2087 re
648 2019 858 2106 constituta,
878 2017 1036 2089 celebres
1054 2019 1151 2117 apud
1178 2044 1244 2091 nos
1266 2019 1432 2115 reliquias
1452 2023 1661 2093 Cnxnooms
1684 2025 1756 2094 Ro·

187 2167 444 2240 cnm11,quae
457 2168 554 2215 nuno
572 2146 610 2216 in
631 2144 807 2243 imperiali
826 2142 1044 2216 Bibliotheca
1061 2158 1330 2230 conservantur,
1348 2144 1579 2216 excutiendas
1593 2170 1667 2217 esse
1688 2170 1757 2243 pu·

186 2269 271 2339 tavi.
287 2272 341 2338 De
351 2266 483 2362 quibus
493 2291 577 2338 vera
595 2267 754 2338 retulisse
767 2268 921 2365 cognovi
938 2265 1105 2337 Picoolon
1116 2281 1279 2338 nostrum
1294 2267 1568 2364 (Supple'mentd
1585 2270 1755 2343 l'Antltol.

185 2416 345 2488 grecque,
364 2415 402 2487 p.
420 2390 467 2486 89
483 2388 588 2487 seq).
599 2391 786 2476 Quantivis
800 2390 868 2462 iltae
878 2393 983 2488 pretii
1000 2403 1103 2459 erant
1121 2404 1204 2460 ante
1218 2389 1356 2460 editum
1374 2390 1542 2461 Oodicem
1558 2392 1759 2465 Palatinum

187 2517 335 2612 ipsum:
360 2538 457 2585 nuno
481 2538 612 2609 magno
632 2513 753 2585 labore
774 2520 874 2585 utilia
894 2536 1008 2587 nauca
1031 2527 1222 2599 eruuntur3
1246 2535 1325 2608 quae
1353 2515 1425 2583 suis
1444 2512 1533 2584 locis
1556 2515 1756 2611 posuimus.

187 2635 426 2733 Excipiendus
440 2635 551 2707 codex
569 2635 1000 2725 salmasio-Buherianus,
1019 2634 1153 2732 dequo
1169 2633 1290 2733 paullo
1305 2650 1387 2734 post
1401 2635 1575 2710 dicemus.

236 2759 459 2859 Planudeum
473 2758 637 2830 codicem
652 2761 849 2857 optimum,
864 2784 937 2857 quo
953 2759 1151 2831 Brunclxius
1170 2786 1253 2831 usus
1274 2775 1343 2852 est,
1358 2760 1466 2834 docta
1480 2785 1590 2833 manu
1609 2761 1759 2860 diligen-

188 2884 323 2954 tissime
342 2884 536 2981 scriptum,
562 2881 670 2979 hujus
692 2885 830 2978 generis
853 2884 891 2955 ni
914 2883 1018 2957 fallor
1032 2886 1338 2982 antiquissimum,
1362 2888 1391 2957 si
1414 2886 1535 2958 denuo
1553 2900 1759 2964 tractassem

187 3004 382 3102 (bonarum
406 3005 598 3091 horarum,
617 3003 666 3076 ob
691 3005 857 3077 ordinem
872 3005 1070 3095 diversum,
1090 3006 1280 3105 dispendio
1299 3006 1469 3105 summo),
1486 3023 1548 3080 aut
1575 3008 1673 3080 nulla
1696 3025 1768 3083 aut,

188 3131 469 3228 perpaucissima
492 3128 727 3228 praebiturum
746 3130 854 3202 luisse
872 3130 925 3202 rei
952 3131 1082 3202 criticae
1110 3130 1314 3226 adjumenta
1342 3157 1450 3205 nemo
1477 3132 1676 3224 dubitabit,
1696 3133 1758 3205 sed

188 3255 484 3352 epigrammatum
509 3276 588 3349 quae
616 3252 747 3324 absunt
775 3277 796 3322 a
827 3253 992 3326 Palatinis
1014 3254 1234 3327 membranis
1260 3255 1451 3355 appendici
1478 3282 1588 3356 quam
1615 3272 1759 3356 oportet

188 3399 311 3447 curam
326 3375 588 3471 impendemus.

236 3500 443 3567 Graecorum
470 3496 577 3589 igitur
601 3509 677 3566 tum
698 3502 909 3571 Jacorsrxuo
929 3499 1063 3586 ultimae
1081 3523 1207 3568 uranus
1225 3500 1390 3597 exemplo
1404 3504 1478 3571 sive
1502 3525 1666 3598 suprema
1691 3504 1758 3573 viri

187 3623 226 3692 in
252 3618 467 3715 Anthologia
495 3615 690 3689 habitantis
721 3621 929 3690 recensione
955 3622 1006 3692 uti
1035 3619 1140 3690 nobis
1159 3620 1326 3714 contigit,
1343 3634 1419 3691 tum
1447 3626 1672 3696 Borssouxnn
1699 3650 1756 3697 re·

188 3747 372 3832 censione,
389 3746 468 3842 ipso
482 3743 639 3814 rationes
655 3742 789 3838 ubique
803 3759 1023 3841 exponente;
1040 3743 1196 3840 denique
1212 3748 1413 3838 Bornrxrvx,
1430 3746 1564 3819 leviore
1584 3774 1755 3822 nonnun-

188 3891 296 3965 quam
325 3881 360 3939 et
381 3866 662 3955 inconsiderata,
682 3864 745 3937 sed
763 3862 869 3935 bonis
893 3867 1047 3935 inventis
1066 3890 1141 3935 non
1161 3878 1313 3935 carente.
1337 3866 1460 3936 Tribus
1486 3868 1756 3940 recensionibns

188 3991 332 4062 ineditis
345 3989 572 4061 admovimus
591 3990 894 4087 praestantissimas
912 3986 1178 4059 observationes
1191 3987 1242 4058 rei
1261 3988 1391 4058 criticae
1410 3990 1618 4086 principum
1640 4017 1648 4060 ε
1668 3970 1777 4062 Mar-³

189 4138 307 4204 nexu,
341 4118 553 4201 Heauxum,
586 4116 756 4199 Bancxn,
792 4115 970 4200 Hrcrrm,
1004 4113 1296 4199 Scnnrrnrwnu,
1329 4112 1482 4182 Orroms
1516 4115 1755 4203 Scaurmrar,

189 4239 344 4325 tuam,
362 4250 397 4305 et
417 4235 582 4306 aliorum.
605 4239 657 4305 Ex
675 4233 733 4305 his
751 4257 830 4330 quae
851 4231 956 4304 nobis
978 4248 1041 4304 aut
1060 4258 1144 4304 vera
1169 4247 1230 4303 aut
1253 4234 1415 4329 proxime
1435 4234 1480 4303 ad
1510 4258 1636 4305 verum
1653 4259 1755 4306 acce·

188 4359 274 4431 dere
306 4358 534 4443 videbantur,
561 4361 599 4429 in
633 4358 761 4428 seriem
786 4355 939 4453 graecani
962 4359 1178 4456 recepimus,
1209 4358 1375 4455 apposito
1412 4354 1577 4452 quidem,
1611 4370 1652 4427 nt
1682 4359 1757 4456 ipse

190 4483 357 4556 omnibus
376 4484 414 4554 in
427 4481 514 4554 locis
530 4482 691 4579 judicare
704 4482 817 4578 possit
829 4481 954 4571 lector,
969 4495 1142 4576 apparatu
1155 4482 1218 4577 qui
1229 4479 1362 4550 dicitur
1372 4477 1580 4576 plenissimo
1598 4494 1634 4551 et
1647 4506 1755 4578 quam

190 4609 372 4705 potuimus
390 4607 622 4678 exactissimo.
639 4609 716 4692 Qua
732 4606 768 4675 in
783 4629 890 4703 opera
907 4603 1038 4675 accidit
1054 4602 1158 4674 nobis
1177 4617 1216 4673 ut
1235 4604 1448 4674 miraremur
1469 4602 1574 4674 simul
1594 4618 1630 4675 et
1645 4605 1756 4678 admi·

189 4755 350 4803 raremur
367 4755 444 4802 rem
463 4754 611 4827 prorsus
627 4728 918 4827 inexspectatum.
936 4733 1019 4800 Post
1037 4726 1250 4825 Spalettinm
1264 4742 1298 4799 et
1317 4727 1572 4817 Paulssenium,
1591 4728 1755 4824 religiose

188 4853 325 4950 singula
347 4855 470 4926 omnia
490 4850 629 4924 Codicis
652 4851 802 4924 Palatini
831 4854 997 4940 rimatos,
1020 4850 1257 4925 Wechelianae
1277 4851 1444 4924 editionis
1469 4850 1674 4949 exemplum
1695 4855 1754 4924 cui

189 4974 362 5048 Buberius
371 4978 578 5048 varietatem
589 5000 736 5047 omnem
751 4976 952 5048 aSalmasio
965 4991 1147 5049 enotatam
1161 4976 1312 5073 eleganti
1326 4975 1465 5047 calamo
1479 4973 1752 5047 adscribendam

185 5114 390 5187 curaverat,
413 5100 488 5171 sine
506 5097 580 5171 ullo
603 5097 738 5171 damno
757 5099 885 5196 negligi
904 5114 939 5171 et
958 5100 1082 5198 seponi
1105 5123 1209 5197 posse
1228 5097 1438 5188 videbatur,
1458 5113 1494 5169 et
1509 5118 1750 5195 seposueram.

294 5223 449 5261 bllTllowGll.
463 5219 480 5261 l·
1619 5230 1632 5273 b
