<?xml version="1.0" encoding="UTF-8"?>
<!DOCTYPE html PUBLIC "-//W3C//DTD XHTML 1.0 Transitional//EN"
    "http://www.w3.org/TR/xhtml1/DTD/xhtml1-transitional.dtd">
<html xmlns="http://www.w3.org/1999/xhtml" xml:lang="en" lang="en">
 <head>
  <title>
</title>
<meta http-equiv="Content-Type" content="text/html;charset=utf-8" />
  <meta name='ocr-system' content='tesseract 3.04.00' />
  <meta name='ocr-capabilities' content='ocr_page ocr_carea ocr_par ocr_line ocrx_word'/>
</head>
<body>
  <div class='ocr_page' id='page_1' title='image "./epigrammatumant03plangoog/epigrammatumant03plangoog_0015.png"; bbox 0 0 4000 5952; ppageno 0'>
   <div class='ocr_carea' id='block_1_1' title="bbox 224 385 1134 458">
    <p class='ocr_par' dir='ltr' id='par_1_1' title="bbox 224 385 1134 458">
     <span class='ocr_line' id='line_1_1' title="bbox 224 385 1134 458; baseline -0.014 0"><span class='ocrx_word' id='word_1_1' title='bbox 224 418 243 458; x_wconf 83' lang='lat' dir='ltr'>x</span> <span class='ocrx_word' id='word_1_2' title='bbox 918 385 1134 448; x_wconf 78' lang='lat' dir='ltr'>PRAEFA‘l&#39;lO.</span> 
     </span>
    </p>
   </div>
   <div class='ocr_carea' id='block_1_2' title="bbox 227 520 1805 622">
    <p class='ocr_par' dir='ltr' id='par_1_2' title="bbox 227 520 1805 622">
     <span class='ocr_line' id='line_1_2' title="bbox 227 520 1805 622; baseline -0.005 -18"><span class='ocrx_word' id='word_1_3' title='bbox 227 539 270 604; x_wconf 79' lang='lat' dir='ltr'>tt</span> <span class='ocrx_word' id='word_1_4' title='bbox 284 556 368 603; x_wconf 91' lang='lat' dir='ltr'>ecce</span> <span class='ocrx_word' id='word_1_5' title='bbox 383 532 420 601; x_wconf 94' lang='lat' dir='ltr'>in</span> <span class='ocrx_word' id='word_1_6' title='bbox 434 529 557 599; x_wconf 90' lang='lat' dir='ltr'>medio</span> <span class='ocrx_word' id='word_1_7' title='bbox 570 526 645 597; x_wconf 87' lang='lat' dir='ltr'>lere</span> <span class='ocrx_word' id='word_1_8' title='bbox 658 526 776 622; x_wconf 89' lang='lat' dir='ltr'>capite</span> <span class='ocrx_word' id='word_1_9' title='bbox 790 526 944 622; x_wconf 90' lang='lat' dir='ltr'>septimo</span> <span class='ocrx_word' id='word_1_10' title='bbox 957 548 1069 622; x_wconf 89' lang='lat' dir='ltr'>quum</span> <span class='ocrx_word' id='word_1_11' title='bbox 1086 520 1220 593; x_wconf 84' lang='lat' dir='ltr'>Brodaei</span> <span class='ocrx_word' id='word_1_12' title='bbox 1234 538 1356 593; x_wconf 89' lang='lat' dir='ltr'>notam</span> <span class='ocrx_word' id='word_1_13' title='bbox 1372 522 1555 619; x_wconf 80' lang='lat' dir='ltr'>quandam</span> <span class='ocrx_word' id='word_1_14' title='bbox 1570 520 1805 619; x_wconf 73' lang='lat' dir='ltr'>inspicerem,</span> 
     </span>
    </p>
   </div>
   <div class='ocr_carea' id='block_1_3' title="bbox 225 644 1815 5185">
    <p class='ocr_par' dir='ltr' id='par_1_3' title="bbox 225 644 1813 2723">
     <span class='ocr_line' id='line_1_3' title="bbox 225 644 1804 744; baseline -0.008 -14"><span class='ocrx_word' id='word_1_15' title='bbox 225 683 310 730; x_wconf 87' lang='lat' dir='ltr'>casu</span> <span class='ocrx_word' id='word_1_16' title='bbox 326 656 508 730; x_wconf 85' lang='lat' dir='ltr'>oculusln</span> <span class='ocrx_word' id='word_1_17' title='bbox 522 654 722 725; x_wconf 78' lang='lat' dir='ltr'>variantem</span> <span class='ocrx_word' id='word_1_18' title='bbox 737 651 905 722; x_wconf 90' lang='lat' dir='ltr'>versiculi</span> <span class='ocrx_word' id='word_1_19' title='bbox 920 648 1069 743; x_wconf 90' lang='lat' dir='ltr'>alicujus</span> <span class='ocrx_word' id='word_1_20' title='bbox 1088 646 1303 744; x_wconf 87' lang='lat' dir='ltr'>scripturam</span> <span class='ocrx_word' id='word_1_21' title='bbox 1318 648 1481 744; x_wconf 82' lang='lat' dir='ltr'><strong>proxime</strong></span> <span class='ocrx_word' id='word_1_22' title='bbox 1500 644 1638 717; x_wconf 88' lang='lat' dir='ltr'>allitam</span> <span class='ocrx_word' id='word_1_23' title='bbox 1652 646 1804 734; x_wconf 90' lang='lat' dir='ltr'>incidit,</span> 
     </span>
     <span class='ocr_line' id='line_1_4' title="bbox 225 770 1803 874; baseline -0.004 -26"><span class='ocrx_word' id='word_1_24' title='bbox 225 801 377 874; x_wconf 88' lang='lat' dir='ltr'>eamque</span> <span class='ocrx_word' id='word_1_25' title='bbox 391 775 511 870; x_wconf 87' lang='lat' dir='ltr'>magni</span> <span class='ocrx_word' id='word_1_26' title='bbox 523 798 607 845; x_wconf 91' lang='lat' dir='ltr'>sane</span> <span class='ocrx_word' id='word_1_27' title='bbox 622 772 810 861; x_wconf 85' lang='lat' dir='ltr'><strong>momenti,</strong></span> <span class='ocrx_word' id='word_1_28' title='bbox 828 772 899 841; x_wconf 83' lang='lat' dir='ltr'>alio</span> <span class='ocrx_word' id='word_1_29' title='bbox 911 777 1041 840; x_wconf 80' lang='lat' dir='ltr'>nemine</span> <span class='ocrx_word' id='word_1_30' title='bbox 1053 770 1254 863; x_wconf 80' lang='lat' dir='ltr'>ltujtumodt&#39;</span> <span class='ocrx_word' id='word_1_31' title='bbox 1262 770 1400 867; x_wconf 83' lang='lat' dir='ltr'>aliquid</span> <span class='ocrx_word' id='word_1_32' title='bbox 1410 770 1591 866; x_wconf 81' lang='lat' dir='ltr'>referente.</span> <span class='ocrx_word' id='word_1_33' title='bbox 1610 775 1660 841; x_wconf 92' lang='lat' dir='ltr'>Ne</span> <span class='ocrx_word' id='word_1_34' title='bbox 1675 771 1803 860; x_wconf 90' lang='lat' dir='ltr'>multa,</span> 
     </span>
     <span class='ocr_line' id='line_1_5' title="bbox 226 894 1800 999; baseline -0.004 -28"><span class='ocrx_word' id='word_1_35' title='bbox 226 901 393 999; x_wconf 88' lang='lat' dir='ltr'>apparuit</span> <span class='ocrx_word' id='word_1_36' title='bbox 407 898 578 995; x_wconf 87' lang='lat' dir='ltr'>juvenem</span> <span class='ocrx_word' id='word_1_37' title='bbox 601 901 833 979; x_wconf 79' lang='lat' dir='ltr'>chnxsrmr,</span> <span class='ocrx_word' id='word_1_38' title='bbox 852 894 914 989; x_wconf 91' lang='lat' dir='ltr'>qui</span> <span class='ocrx_word' id='word_1_39' title='bbox 935 894 1071 992; x_wconf 90' lang='lat' dir='ltr'>primus</span> <span class='ocrx_word' id='word_1_40' title='bbox 1089 894 1253 965; x_wconf 85' lang='lat' dir='ltr'><strong>codicem</strong></span> <span class='ocrx_word' id='word_1_41' title='bbox 1273 894 1443 982; x_wconf 81' lang='lat' dir='ltr'><strong>excussit,</strong></span> <span class='ocrx_word' id='word_1_42' title='bbox 1465 895 1540 990; x_wconf 89' lang='lat' dir='ltr'>jam</span> <span class='ocrx_word' id='word_1_43' title='bbox 1562 908 1641 965; x_wconf 92' lang='lat' dir='ltr'>tum</span> <span class='ocrx_word' id='word_1_44' title='bbox 1663 910 1800 965; x_wconf 87' lang='lat' dir='ltr'>veteres</span> 
     </span>
     <span class='ocr_line' id='line_1_6' title="bbox 227 1016 1797 1115; baseline -0.006 -18"><span class='ocrx_word' id='word_1_45' title='bbox 227 1040 263 1096; x_wconf 86' lang='lat' dir='ltr'>et</span> <span class='ocrx_word' id='word_1_46' title='bbox 274 1025 491 1097; x_wconf 83' lang='lat' dir='ltr'>recentiores</span> <span class='ocrx_word' id='word_1_47' title='bbox 504 1022 578 1093; x_wconf 90' lang='lat' dir='ltr'>sive</span> <span class='ocrx_word' id='word_1_48' title='bbox 592 1018 829 1115; x_wconf 88' lang='lat' dir='ltr'>interpolatos</span> <span class='ocrx_word' id='word_1_49' title='bbox 843 1017 972 1088; x_wconf 92' lang='lat' dir='ltr'>ductus</span> <span class='ocrx_word' id='word_1_50' title='bbox 985 1016 1216 1090; x_wconf 82' lang='lat' dir='ltr'>librariorum</span> <span class='ocrx_word' id='word_1_51' title='bbox 1228 1017 1418 1114; x_wconf 84' lang='lat' dir='ltr'>aliquoties</span> <span class='ocrx_word' id='word_1_52' title='bbox 1428 1019 1564 1114; x_wconf 89' lang='lat' dir='ltr'>optime</span> <span class='ocrx_word' id='word_1_53' title='bbox 1577 1018 1797 1103; x_wconf 79' lang='lat' dir='ltr'>distinxisse,</span> 
     </span>
     <span class='ocr_line' id='line_1_7' title="bbox 227 1140 1807 1240; baseline -0.005 -21"><span class='ocrx_word' id='word_1_54' title='bbox 227 1147 289 1219; x_wconf 91' lang='lat' dir='ltr'>ubi</span> <span class='ocrx_word' id='word_1_55' title='bbox 305 1147 398 1219; x_wconf 91' lang='lat' dir='ltr'>nihil</span> <span class='ocrx_word' id='word_1_56' title='bbox 413 1145 551 1217; x_wconf 90' lang='lat' dir='ltr'>viderat</span> <span class='ocrx_word' id='word_1_57' title='bbox 567 1144 858 1238; x_wconf 77' lang='grc' dir='ltr'>κομπομικρολόγος</span> <span class='ocrx_word' id='word_1_58' title='bbox 881 1140 940 1212; x_wconf 92' lang='lat' dir='ltr'>ille</span> <span class='ocrx_word' id='word_1_59' title='bbox 964 1142 1207 1230; x_wconf 86' lang='lat' dir='ltr'>Paulssenius,</span> <span class='ocrx_word' id='word_1_60' title='bbox 1224 1167 1298 1213; x_wconf 91' lang='lat' dir='ltr'>non</span> <span class='ocrx_word' id='word_1_61' title='bbox 1313 1155 1456 1240; x_wconf 87' lang='lat' dir='ltr'>poterat</span> <span class='ocrx_word' id='word_1_62' title='bbox 1472 1155 1594 1213; x_wconf 87' lang='lat' dir='ltr'>autem</span> <span class='ocrx_word' id='word_1_63' title='bbox 1607 1141 1729 1214; x_wconf 88' lang='lat' dir='ltr'>videre</span> <span class='ocrx_word' id='word_1_64' title='bbox 1747 1146 1807 1211; x_wconf 91' lang='lat' dir='ltr'>la·</span> 
     </span>
     <span class='ocr_line' id='line_1_8' title="bbox 228 1260 1810 1366; baseline -0.006 -24"><span class='ocrx_word' id='word_1_65' title='bbox 228 1271 374 1342; x_wconf 91' lang='lat' dir='ltr'>cobsius</span> <span class='ocrx_word' id='word_1_66' title='bbox 387 1271 425 1340; x_wconf 89' lang='lat' dir='ltr'>in</span> <span class='ocrx_word' id='word_1_67' title='bbox 440 1265 651 1366; x_wconf 85' lang='lat' dir='ltr'>apographo</span> <span class='ocrx_word' id='word_1_68' title='bbox 667 1266 821 1337; x_wconf 83' lang='lat' dir='ltr'>sormam</span> <span class='ocrx_word' id='word_1_69' title='bbox 837 1265 1021 1336; x_wconf 87' lang='lat' dir='ltr'>literarum</span> <span class='ocrx_word' id='word_1_70' title='bbox 1036 1266 1223 1356; x_wconf 83' lang='lat' dir='ltr'>reddente,</span> <span class='ocrx_word' id='word_1_71' title='bbox 1236 1292 1310 1337; x_wconf 90' lang='lat' dir='ltr'>non</span> <span class='ocrx_word' id='word_1_72' title='bbox 1325 1266 1516 1337; x_wconf 88' lang='lat' dir='ltr'>atramenti</span> <span class='ocrx_word' id='word_1_73' title='bbox 1529 1281 1565 1336; x_wconf 93' lang='lat' dir='ltr'>et</span> <span class='ocrx_word' id='word_1_74' title='bbox 1581 1289 1669 1336; x_wconf 78' lang='lat' dir='ltr'>rasae</span> <span class='ocrx_word' id='word_1_75' title='bbox 1684 1260 1810 1336; x_wconf 74' lang='lat' dir='ltr'>lotteve</span> 
     </span>
     <span class='ocr_line' id='line_1_9' title="bbox 231 1386 1805 1489; baseline -0.004 -25"><span class='ocrx_word' id='word_1_76' title='bbox 231 1389 447 1464; x_wconf 83' lang='lat' dir='ltr'>membranae</span> <span class='ocrx_word' id='word_1_77' title='bbox 463 1389 631 1487; x_wconf 85' lang='lat' dir='ltr'>speciem.</span> <span class='ocrx_word' id='word_1_78' title='bbox 645 1391 731 1476; x_wconf 80' lang='lat' dir='ltr'>Qua</span> <span class='ocrx_word' id='word_1_79' title='bbox 744 1386 972 1477; x_wconf 87' lang='lat' dir='ltr'>Salmasiana,</span> <span class='ocrx_word' id='word_1_80' title='bbox 990 1391 1058 1461; x_wconf 89' lang='lat' dir='ltr'>nisi</span> <span class='ocrx_word' id='word_1_81' title='bbox 1073 1415 1174 1463; x_wconf 88' lang='lat' dir='ltr'>error</span> <span class='ocrx_word' id='word_1_82' title='bbox 1187 1390 1320 1462; x_wconf 88' lang='lat' dir='ltr'>alicubi</span> <span class='ocrx_word' id='word_1_83' title='bbox 1334 1390 1493 1489; x_wconf 88' lang='lat' dir='ltr'>patebat,</span> <span class='ocrx_word' id='word_1_84' title='bbox 1503 1415 1587 1460; x_wconf 90' lang='lat' dir='ltr'>cum</span> <span class='ocrx_word' id='word_1_85' title='bbox 1602 1388 1805 1488; x_wconf 90' lang='lat' dir='ltr'>pulvisculo</span> 
     </span>
     <span class='ocr_line' id='line_1_10' title="bbox 229 1512 1806 1611; baseline -0.003 -25"><span class='ocrx_word' id='word_1_86' title='bbox 229 1513 365 1610; x_wconf 84' lang='lat' dir='ltr'>sublegi</span> <span class='ocrx_word' id='word_1_87' title='bbox 385 1516 423 1585; x_wconf 92' lang='lat' dir='ltr'>in</span> <span class='ocrx_word' id='word_1_88' title='bbox 442 1512 551 1584; x_wconf 91' lang='lat' dir='ltr'>altera</span> <span class='ocrx_word' id='word_1_89' title='bbox 571 1528 671 1611; x_wconf 88' lang='lat' dir='ltr'>parte</span> <span class='ocrx_word' id='word_1_90' title='bbox 688 1513 815 1610; x_wconf 90' lang='lat' dir='ltr'>capitis</span> <span class='ocrx_word' id='word_1_91' title='bbox 834 1514 976 1611; x_wconf 88' lang='lat' dir='ltr'>septimi</span> <span class='ocrx_word' id='word_1_92' title='bbox 997 1527 1105 1610; x_wconf 88' lang='lat' dir='ltr'>atque</span> <span class='ocrx_word' id='word_1_93' title='bbox 1123 1517 1161 1586; x_wconf 92' lang='lat' dir='ltr'>in</span> <span class='ocrx_word' id='word_1_94' title='bbox 1184 1514 1377 1587; x_wconf 74' lang='lat' dir='ltr'>Addendis.</span> <span class='ocrx_word' id='word_1_95' title='bbox 1402 1513 1503 1585; x_wconf 89' lang='lat' dir='ltr'>Unde</span> <span class='ocrx_word' id='word_1_96' title='bbox 1517 1512 1697 1608; x_wconf 90' lang='lat' dir='ltr'>liquidum</span> <span class='ocrx_word' id='word_1_97' title='bbox 1716 1536 1806 1583; x_wconf 93' lang='lat' dir='ltr'>con·</span> 
     </span>
     <span class='ocr_line' id='line_1_11' title="bbox 231 1636 1810 1737; baseline -0.002 -27"><span class='ocrx_word' id='word_1_98' title='bbox 231 1639 436 1737; x_wconf 84' lang='lat' dir='ltr'>fessumque</span> <span class='ocrx_word' id='word_1_99' title='bbox 458 1637 520 1710; x_wconf 87' lang='lat' dir='ltr'>fiet</span> <span class='ocrx_word' id='word_1_100' title='bbox 539 1636 709 1710; x_wconf 88' lang='lat' dir='ltr'>omnibus</span> <span class='ocrx_word' id='word_1_101' title='bbox 734 1662 826 1735; x_wconf 92' lang='lat' dir='ltr'>opus</span> <span class='ocrx_word' id='word_1_102' title='bbox 845 1662 922 1707; x_wconf 92' lang='lat' dir='ltr'>esse</span> <span class='ocrx_word' id='word_1_103' title='bbox 950 1651 989 1707; x_wconf 90' lang='lat' dir='ltr'>ut</span> <span class='ocrx_word' id='word_1_104' title='bbox 1010 1636 1100 1709; x_wconf 91' lang='lat' dir='ltr'>liber</span> <span class='ocrx_word' id='word_1_105' title='bbox 1113 1640 1151 1709; x_wconf 95' lang='lat' dir='ltr'>in</span> <span class='ocrx_word' id='word_1_106' title='bbox 1169 1642 1272 1710; x_wconf 88' lang='lat' dir='ltr'>terris</span> <span class='ocrx_word' id='word_1_107' title='bbox 1294 1640 1422 1711; x_wconf 91' lang='lat' dir='ltr'>unicus</span> <span class='ocrx_word' id='word_1_108' title='bbox 1442 1637 1489 1709; x_wconf 88' lang='lat' dir='ltr'>ab</span> <span class='ocrx_word' id='word_1_109' title='bbox 1507 1637 1656 1709; x_wconf 90' lang='lat' dir='ltr'>homine</span> <span class='ocrx_word' id='word_1_110' title='bbox 1676 1637 1810 1708; x_wconf 92' lang='lat' dir='ltr'>harum</span> 
     </span>
     <span class='ocr_line' id='line_1_12' title="bbox 231 1761 1812 1860; baseline -0.003 -26"><span class='ocrx_word' id='word_1_111' title='bbox 231 1789 352 1836; x_wconf 89' lang='lat' dir='ltr'>rerum</span> <span class='ocrx_word' id='word_1_112' title='bbox 375 1763 588 1859; x_wconf 90' lang='lat' dir='ltr'>gnarissimo</span> <span class='ocrx_word' id='word_1_113' title='bbox 616 1761 838 1831; x_wconf 83' lang='lat' dir='ltr'>examinetur</span> <span class='ocrx_word' id='word_1_114' title='bbox 863 1784 1003 1851; x_wconf 75' lang='lat' dir='ltr'>neruo,</span> <span class='ocrx_word' id='word_1_115' title='bbox 1025 1786 1098 1857; x_wconf 90' lang='lat' dir='ltr'>quo</span> <span class='ocrx_word' id='word_1_116' title='bbox 1126 1763 1303 1860; x_wconf 89' lang='lat' dir='ltr'>scriptura</span> <span class='ocrx_word' id='word_1_117' title='bbox 1326 1787 1367 1832; x_wconf 91' lang='lat' dir='ltr'>ex</span> <span class='ocrx_word' id='word_1_118' title='bbox 1388 1763 1469 1858; x_wconf 92' lang='lat' dir='ltr'>ipso</span> <span class='ocrx_word' id='word_1_119' title='bbox 1495 1761 1582 1832; x_wconf 91' lang='lat' dir='ltr'>olim</span> <span class='ocrx_word' id='word_1_120' title='bbox 1611 1761 1812 1857; x_wconf 88' lang='lat' dir='ltr'>archetypo</span> 
     </span>
     <span class='ocr_line' id='line_1_13' title="bbox 231 1882 1812 1983; baseline -0.002 -25"><span class='ocrx_word' id='word_1_121' title='bbox 231 1888 353 1973; x_wconf 88' lang='lat' dir='ltr'>ducta,</span> <span class='ocrx_word' id='word_1_122' title='bbox 365 1910 386 1955; x_wconf 93' lang='lat' dir='ltr'>a</span> <span class='ocrx_word' id='word_1_123' title='bbox 400 1882 666 1956; x_wconf 88' lang='lat' dir='ltr'>correctoribus</span> <span class='ocrx_word' id='word_1_124' title='bbox 683 1882 848 1954; x_wconf 88' lang='lat' dir='ltr'>nondum</span> <span class='ocrx_word' id='word_1_125' title='bbox 859 1898 1063 1974; x_wconf 88' lang='lat' dir='ltr'>attrectata,</span> <span class='ocrx_word' id='word_1_126' title='bbox 1077 1901 1216 1957; x_wconf 92' lang='lat' dir='ltr'>certum</span> <span class='ocrx_word' id='word_1_127' title='bbox 1230 1889 1268 1956; x_wconf 92' lang='lat' dir='ltr'>in</span> <span class='ocrx_word' id='word_1_128' title='bbox 1283 1885 1434 1956; x_wconf 91' lang='lat' dir='ltr'>modum</span> <span class='ocrx_word' id='word_1_129' title='bbox 1450 1884 1585 1983; x_wconf 89' lang='lat' dir='ltr'>ubique</span> <span class='ocrx_word' id='word_1_130' title='bbox 1598 1899 1757 1983; x_wconf 91' lang='lat' dir='ltr'>patescat</span> <span class='ocrx_word' id='word_1_131' title='bbox 1775 1900 1812 1956; x_wconf 91' lang='lat' dir='ltr'>et</span> 
     </span>
     <span class='ocr_line' id='line_1_14' title="bbox 231 2006 1812 2107; baseline -0.001 -26"><span class='ocrx_word' id='word_1_132' title='bbox 231 2008 278 2081; x_wconf 91' lang='lat' dir='ltr'>ab</span> <span class='ocrx_word' id='word_1_133' title='bbox 297 2007 523 2107; x_wconf 79' lang='lat' dir='ltr'>interpolatis</span> <span class='ocrx_word' id='word_1_134' title='bbox 545 2006 782 2076; x_wconf 86' lang='lat' dir='ltr'>discernatur.</span> <span class='ocrx_word' id='word_1_135' title='bbox 801 2010 853 2076; x_wconf 91' lang='lat' dir='ltr'>De</span> <span class='ocrx_word' id='word_1_136' title='bbox 877 2007 933 2076; x_wconf 91' lang='lat' dir='ltr'>his</span> <span class='ocrx_word' id='word_1_137' title='bbox 956 2023 1076 2080; x_wconf 90' lang='lat' dir='ltr'>autem</span> <span class='ocrx_word' id='word_1_138' title='bbox 1103 2007 1387 2098; x_wconf 77' lang='lat' dir='ltr'>correctoribuS,</span> <span class='ocrx_word' id='word_1_139' title='bbox 1406 2008 1452 2080; x_wconf 93' lang='lat' dir='ltr'>de</span> <span class='ocrx_word' id='word_1_140' title='bbox 1481 2012 1750 2080; x_wconf 85' lang='lat' dir='ltr'>correctionum</span> <span class='ocrx_word' id='word_1_141' title='bbox 1775 2024 1812 2080; x_wconf 89' lang='lat' dir='ltr'>et</span> 
     </span>
     <span class='ocr_line' id='line_1_15' title="bbox 233 2128 1812 2230; baseline -0.001 -27"><span class='ocrx_word' id='word_1_142' title='bbox 233 2133 340 2204; x_wconf 87' lang='lat' dir='ltr'>variae</span> <span class='ocrx_word' id='word_1_143' title='bbox 363 2131 549 2228; x_wconf 83' lang='lat' dir='ltr'>scripturae</span> <span class='ocrx_word' id='word_1_144' title='bbox 570 2128 748 2219; x_wconf 84' lang='lat' dir='ltr'>fontibus,</span> <span class='ocrx_word' id='word_1_145' title='bbox 769 2129 902 2201; x_wconf 90' lang='lat' dir='ltr'>deinde</span> <span class='ocrx_word' id='word_1_146' title='bbox 920 2129 966 2202; x_wconf 92' lang='lat' dir='ltr'>de</span> <span class='ocrx_word' id='word_1_147' title='bbox 981 2131 1251 2204; x_wconf 87' lang='lat' dir='ltr'>dialecticarum</span> <span class='ocrx_word' id='word_1_148' title='bbox 1272 2132 1470 2203; x_wconf 77' lang='lat' dir='ltr'>formarum</span> <span class='ocrx_word' id='word_1_149' title='bbox 1493 2132 1582 2202; x_wconf 89' lang='lat' dir='ltr'>mira</span> <span class='ocrx_word' id='word_1_150' title='bbox 1605 2158 1753 2230; x_wconf 88' lang='lat' dir='ltr'>prorsus</span> <span class='ocrx_word' id='word_1_151' title='bbox 1775 2134 1812 2202; x_wconf 92' lang='lat' dir='ltr'>in</span> 
     </span>
     <span class='ocr_line' id='line_1_16' title="bbox 232 2251 1813 2355; baseline -0.003 -27"><span class='ocrx_word' id='word_1_152' title='bbox 232 2258 291 2328; x_wconf 92' lang='lat' dir='ltr'>his</span> <span class='ocrx_word' id='word_1_153' title='bbox 309 2255 497 2354; x_wconf 89' lang='lat' dir='ltr'>poematiis</span> <span class='ocrx_word' id='word_1_154' title='bbox 521 2256 681 2342; x_wconf 81' lang='grc' dir='ltr'>ποικιλίᾳ,</span> <span class='ocrx_word' id='word_1_155' title='bbox 704 2251 801 2324; x_wconf 93' lang='lat' dir='ltr'>unde</span> <span class='ocrx_word' id='word_1_156' title='bbox 829 2278 870 2324; x_wconf 89' lang='lat' dir='ltr'>ea</span> <span class='ocrx_word' id='word_1_157' title='bbox 897 2256 1105 2352; x_wconf 90' lang='lat' dir='ltr'>provenerit</span> <span class='ocrx_word' id='word_1_158' title='bbox 1123 2272 1160 2327; x_wconf 91' lang='lat' dir='ltr'>et</span> <span class='ocrx_word' id='word_1_159' title='bbox 1187 2257 1249 2353; x_wconf 92' lang='lat' dir='ltr'>qui</span> <span class='ocrx_word' id='word_1_160' title='bbox 1277 2281 1344 2355; x_wconf 92' lang='lat' dir='ltr'>pro</span> <span class='ocrx_word' id='word_1_161' title='bbox 1371 2270 1473 2328; x_wconf 85' lang='lat' dir='ltr'>aetate</span> <span class='ocrx_word' id='word_1_162' title='bbox 1497 2255 1670 2354; x_wconf 87' lang='lat' dir='ltr'>cujusque</span> <span class='ocrx_word' id='word_1_163' title='bbox 1697 2269 1813 2353; x_wconf 84' lang='lat' dir='ltr'>poetae</span> 
     </span>
     <span class='ocr_line' id='line_1_17' title="bbox 233 2376 1812 2480; baseline -0.001 -27"><span class='ocrx_word' id='word_1_164' title='bbox 233 2395 295 2453; x_wconf 90' lang='lat' dir='ltr'>aut</span> <span class='ocrx_word' id='word_1_165' title='bbox 316 2380 417 2452; x_wconf 82' lang='lat' dir='ltr'>mo&#39;re</span> <span class='ocrx_word' id='word_1_166' title='bbox 442 2378 571 2449; x_wconf 91' lang='lat' dir='ltr'>modus</span> <span class='ocrx_word' id='word_1_167' title='bbox 589 2377 665 2473; x_wconf 86' lang='lat' dir='ltr'>ejus</span> <span class='ocrx_word' id='word_1_168' title='bbox 683 2378 735 2447; x_wconf 91' lang='lat' dir='ltr'>rei</span> <span class='ocrx_word' id='word_1_169' title='bbox 754 2378 800 2448; x_wconf 90' lang='lat' dir='ltr'>sit</span> <span class='ocrx_word' id='word_1_170' title='bbox 824 2376 1050 2467; x_wconf 88' lang='lat' dir='ltr'>statuendus,</span> <span class='ocrx_word' id='word_1_171' title='bbox 1072 2381 1308 2476; x_wconf 85' lang='lat' dir='ltr'>quaestionem</span> <span class='ocrx_word' id='word_1_172' title='bbox 1331 2381 1479 2480; x_wconf 90' lang='lat' dir='ltr'>spissam</span> <span class='ocrx_word' id='word_1_173' title='bbox 1503 2395 1538 2452; x_wconf 91' lang='lat' dir='ltr'>et</span> <span class='ocrx_word' id='word_1_174' title='bbox 1560 2379 1729 2471; x_wconf 89' lang='lat' dir='ltr'>arduam,</span> <span class='ocrx_word' id='word_1_175' title='bbox 1750 2380 1812 2451; x_wconf 90' lang='lat' dir='ltr'>sed</span> 
     </span>
     <span class='ocr_line' id='line_1_18' title="bbox 234 2500 1809 2601; baseline 0 -26"><span class='ocrx_word' id='word_1_176' title='bbox 234 2505 485 2593; x_wconf 88' lang='lat' dir='ltr'>necessariam,</span> <span class='ocrx_word' id='word_1_177' title='bbox 502 2501 699 2574; x_wconf 90' lang='lat' dir='ltr'>nemodum</span> <span class='ocrx_word' id='word_1_178' title='bbox 718 2500 832 2599; x_wconf 86' lang='lat' dir='ltr'>(quod</span> <span class='ocrx_word' id='word_1_179' title='bbox 854 2503 979 2596; x_wconf 82' lang='lat' dir='ltr'>sciam)</span> <span class='ocrx_word' id='word_1_180' title='bbox 999 2512 1188 2575; x_wconf 84' lang='lat' dir='ltr'>tractavit:</span> <span class='ocrx_word' id='word_1_181' title='bbox 1207 2530 1286 2601; x_wconf 84' lang='lat' dir='ltr'>quae</span> <span class='ocrx_word' id='word_1_182' title='bbox 1302 2506 1337 2574; x_wconf 90' lang='lat' dir='ltr'>in</span> <span class='ocrx_word' id='word_1_183' title='bbox 1358 2505 1427 2576; x_wconf 92' lang='lat' dir='ltr'>hac</span> <span class='ocrx_word' id='word_1_184' title='bbox 1446 2514 1624 2576; x_wconf 80' lang='lat' dir='ltr'>variorum</span> <span class='ocrx_word' id='word_1_185' title='bbox 1642 2505 1809 2591; x_wconf 76' lang='lat' dir='ltr'>editione,</span> 
     </span>
     <span class='ocr_line' id='line_1_19' title="bbox 233 2625 1323 2723; baseline -0.003 -25"><span class='ocrx_word' id='word_1_186' title='bbox 233 2629 372 2698; x_wconf 91' lang='lat' dir='ltr'>etiamsi</span> <span class='ocrx_word' id='word_1_187' title='bbox 391 2627 509 2723; x_wconf 91' lang='lat' dir='ltr'>aliqua</span> <span class='ocrx_word' id='word_1_188' title='bbox 529 2641 653 2723; x_wconf 88' lang='lat' dir='ltr'>parata</span> <span class='ocrx_word' id='word_1_189' title='bbox 668 2625 903 2716; x_wconf 89' lang='lat' dir='ltr'>haberemus,</span> <span class='ocrx_word' id='word_1_190' title='bbox 921 2630 1066 2699; x_wconf 89' lang='lat' dir='ltr'>tractari</span> <span class='ocrx_word' id='word_1_191' title='bbox 1081 2653 1155 2698; x_wconf 90' lang='lat' dir='ltr'>non</span> <span class='ocrx_word' id='word_1_192' title='bbox 1170 2641 1323 2723; x_wconf 89' lang='lat' dir='ltr'>poterat.</span> 
     </span>
    </p>

    <p class='ocr_par' dir='ltr' id='par_1_4' title="bbox 233 2752 1815 4950">
     <span class='ocr_line' id='line_1_20' title="bbox 283 2752 1814 2850; baseline -0.001 -27"><span class='ocrx_word' id='word_1_193' title='bbox 283 2753 405 2824; x_wconf 87' lang='lat' dir='ltr'>Latina</span> <span class='ocrx_word' id='word_1_194' title='bbox 424 2752 584 2848; x_wconf 91' lang='lat' dir='ltr'>capitum</span> <span class='ocrx_word' id='word_1_195' title='bbox 598 2754 632 2839; x_wconf 92' lang='lat' dir='ltr'>l,</span> <span class='ocrx_word' id='word_1_196' title='bbox 652 2753 713 2838; x_wconf 88' lang='lat' dir='ltr'>lll,</span> <span class='ocrx_word' id='word_1_197' title='bbox 736 2754 783 2820; x_wconf 86' lang='lat' dir='ltr'>tv</span> <span class='ocrx_word' id='word_1_198' title='bbox 802 2764 838 2820; x_wconf 91' lang='lat' dir='ltr'>et</span> <span class='ocrx_word' id='word_1_199' title='bbox 854 2754 933 2820; x_wconf 90' lang='lat' dir='ltr'>Vlll</span> <span class='ocrx_word' id='word_1_200' title='bbox 952 2765 1035 2821; x_wconf 90' lang='lat' dir='ltr'>sunt</span> <span class='ocrx_word' id='word_1_201' title='bbox 1060 2757 1308 2838; x_wconf 79' lang='lat' dir='ltr'>B01ssonnn11,</span> <span class='ocrx_word' id='word_1_202' title='bbox 1332 2752 1393 2847; x_wconf 92' lang='lat' dir='ltr'>qui</span> <span class='ocrx_word' id='word_1_203' title='bbox 1415 2752 1453 2822; x_wconf 94' lang='lat' dir='ltr'>in</span> <span class='ocrx_word' id='word_1_204' title='bbox 1476 2752 1592 2848; x_wconf 89' lang='lat' dir='ltr'>capite</span> <span class='ocrx_word' id='word_1_205' title='bbox 1609 2754 1641 2820; x_wconf 89' lang='lat' dir='ltr'>V</span> <span class='ocrx_word' id='word_1_206' title='bbox 1656 2767 1691 2822; x_wconf 93' lang='lat' dir='ltr'>et</span> <span class='ocrx_word' id='word_1_207' title='bbox 1710 2767 1814 2850; x_wconf 89' lang='lat' dir='ltr'>parte</span> 
     </span>
     <span class='ocr_line' id='line_1_21' title="bbox 233 2871 1812 2972; baseline 0.001 -26"><span class='ocrx_word' id='word_1_208' title='bbox 233 2879 321 2947; x_wconf 89' lang='lat' dir='ltr'>sexti</span> <span class='ocrx_word' id='word_1_209' title='bbox 334 2902 376 2946; x_wconf 90' lang='lat' dir='ltr'>ea</span> <span class='ocrx_word' id='word_1_210' title='bbox 394 2899 539 2971; x_wconf 90' lang='lat' dir='ltr'>quoque</span> <span class='ocrx_word' id='word_1_211' title='bbox 553 2873 811 2971; x_wconf 88' lang='lat' dir='ltr'>epigrammata</span> <span class='ocrx_word' id='word_1_212' title='bbox 827 2871 936 2943; x_wconf 92' lang='lat' dir='ltr'>latine</span> <span class='ocrx_word' id='word_1_213' title='bbox 954 2874 1114 2945; x_wconf 88' lang='lat' dir='ltr'>reddidit</span> <span class='ocrx_word' id='word_1_214' title='bbox 1130 2900 1209 2970; x_wconf 83' lang='lat' dir='ltr'>quae</span> <span class='ocrx_word' id='word_1_215' title='bbox 1223 2874 1321 2972; x_wconf 92' lang='lat' dir='ltr'>apud</span> <span class='ocrx_word' id='word_1_216' title='bbox 1342 2879 1530 2969; x_wconf 87' lang='lat' dir='ltr'>Hugonem</span> <span class='ocrx_word' id='word_1_217' title='bbox 1551 2877 1720 2947; x_wconf 90' lang='lat' dir='ltr'>Grotium</span> <span class='ocrx_word' id='word_1_218' title='bbox 1738 2902 1812 2948; x_wconf 91' lang='lat' dir='ltr'>non</span> 
     </span>
     <span class='ocr_line' id='line_1_22' title="bbox 233 2996 1811 3099; baseline 0.004 -34"><span class='ocrx_word' id='word_1_219' title='bbox 233 2996 426 3066; x_wconf 89' lang='lat' dir='ltr'>habentur.</span> <span class='ocrx_word' id='word_1_220' title='bbox 449 3000 490 3066; x_wconf 93' lang='lat' dir='ltr'>ln</span> <span class='ocrx_word' id='word_1_221' title='bbox 509 3009 607 3066; x_wconf 87' lang='lat' dir='ltr'>sexto</span> <span class='ocrx_word' id='word_1_222' title='bbox 623 2996 741 3093; x_wconf 89' lang='lat' dir='ltr'>capite</span> <span class='ocrx_word' id='word_1_223' title='bbox 761 3020 837 3065; x_wconf 91' lang='lat' dir='ltr'>rem</span> <span class='ocrx_word' id='word_1_224' title='bbox 858 2996 990 3086; x_wconf 90' lang='lat' dir='ltr'>omisit,</span> <span class='ocrx_word' id='word_1_225' title='bbox 1012 2999 1177 3091; x_wconf 87' lang='lat' dir='ltr'>Gregorii</span> <span class='ocrx_word' id='word_1_226' title='bbox 1197 2998 1406 3068; x_wconf 89' lang='lat' dir='ltr'>Nazianzeni</span> <span class='ocrx_word' id='word_1_227' title='bbox 1426 2997 1587 3070; x_wconf 88' lang='lat' dir='ltr'>versibus</span> <span class='ocrx_word' id='word_1_228' title='bbox 1602 2999 1698 3099; x_wconf 83' lang='lat' dir='ltr'>(cap.</span> <span class='ocrx_word' id='word_1_229' title='bbox 1719 3004 1811 3092; x_wconf 75' lang='lat' dir='ltr'>Vlllj</span> 
     </span>
     <span class='ocr_line' id='line_1_23' title="bbox 234 3118 1813 3219; baseline 0.003 -30"><span class='ocrx_word' id='word_1_230' title='bbox 234 3134 317 3191; x_wconf 89' lang='lat' dir='ltr'>ante</span> <span class='ocrx_word' id='word_1_231' title='bbox 343 3134 477 3210; x_wconf 90' lang='lat' dir='ltr'>cetera,</span> <span class='ocrx_word' id='word_1_232' title='bbox 502 3133 542 3190; x_wconf 94' lang='lat' dir='ltr'>ut</span> <span class='ocrx_word' id='word_1_233' title='bbox 567 3118 724 3210; x_wconf 91' lang='lat' dir='ltr'>videtur,</span> <span class='ocrx_word' id='word_1_234' title='bbox 750 3119 941 3191; x_wconf 88' lang='lat' dir='ltr'>translatis.</span> <span class='ocrx_word' id='word_1_235' title='bbox 960 3126 1089 3191; x_wconf 82' lang='lat' dir='ltr'>Bornn</span> <span class='ocrx_word' id='word_1_236' title='bbox 1116 3136 1200 3191; x_wconf 91' lang='lat' dir='ltr'>sunt</span> <span class='ocrx_word' id='word_1_237' title='bbox 1223 3120 1333 3192; x_wconf 87' lang='lat' dir='ltr'>latina</span> <span class='ocrx_word' id='word_1_238' title='bbox 1354 3122 1513 3219; x_wconf 90' lang='lat' dir='ltr'>capitum</span> <span class='ocrx_word' id='word_1_239' title='bbox 1532 3127 1564 3192; x_wconf 91' lang='lat' dir='ltr'>ll</span> <span class='ocrx_word' id='word_1_240' title='bbox 1583 3138 1619 3192; x_wconf 92' lang='lat' dir='ltr'>et</span> <span class='ocrx_word' id='word_1_241' title='bbox 1633 3129 1676 3211; x_wconf 88' lang='lat' dir='ltr'>V,</span> <span class='ocrx_word' id='word_1_242' title='bbox 1694 3123 1756 3194; x_wconf 92' lang='lat' dir='ltr'>sed</span> <span class='ocrx_word' id='word_1_243' title='bbox 1776 3125 1813 3193; x_wconf 94' lang='lat' dir='ltr'>in</span> 
     </span>
     <span class='ocr_line' id='line_1_24' title="bbox 234 3242 1813 3345; baseline 0.003 -32"><span class='ocrx_word' id='word_1_244' title='bbox 234 3258 334 3314; x_wconf 89' lang='lat' dir='ltr'>sexto</span> <span class='ocrx_word' id='word_1_245' title='bbox 353 3244 471 3342; x_wconf 83' lang='lat' dir='ltr'>capite</span> <span class='ocrx_word' id='word_1_246' title='bbox 489 3242 568 3333; x_wconf 91' lang='lat' dir='ltr'>ille,</span> <span class='ocrx_word' id='word_1_247' title='bbox 589 3245 675 3316; x_wconf 89' lang='lat' dir='ltr'>item</span> <span class='ocrx_word' id='word_1_248' title='bbox 695 3259 735 3315; x_wconf 91' lang='lat' dir='ltr'>ut</span> <span class='ocrx_word' id='word_1_249' title='bbox 754 3244 1024 3334; x_wconf 88' lang='lat' dir='ltr'>Boissonadius,</span> <span class='ocrx_word' id='word_1_250' title='bbox 1045 3243 1153 3315; x_wconf 88' lang='lat' dir='ltr'>telam</span> <span class='ocrx_word' id='word_1_251' title='bbox 1169 3244 1290 3317; x_wconf 91' lang='lat' dir='ltr'>subito</span> <span class='ocrx_word' id='word_1_252' title='bbox 1310 3245 1521 3344; x_wconf 89' lang='lat' dir='ltr'>abruperat,</span> <span class='ocrx_word' id='word_1_253' title='bbox 1544 3246 1590 3317; x_wconf 90' lang='lat' dir='ltr'>ad</span> <span class='ocrx_word' id='word_1_254' title='bbox 1610 3247 1679 3319; x_wconf 89' lang='lat' dir='ltr'>alia</span> <span class='ocrx_word' id='word_1_255' title='bbox 1698 3249 1813 3345; x_wconf 86' lang='lat' dir='ltr'>capita</span> 
     </span>
     <span class='ocr_line' id='line_1_25' title="bbox 235 3365 1811 3467; baseline 0.001 -30"><span class='ocrx_word' id='word_1_256' title='bbox 235 3367 456 3460; x_wconf 85' lang='lat' dir='ltr'>transiliens,</span> <span class='ocrx_word' id='word_1_257' title='bbox 484 3393 643 3460; x_wconf 90' lang='lat' dir='ltr'>nonum,</span> <span class='ocrx_word' id='word_1_258' title='bbox 669 3368 919 3456; x_wconf 87' lang='lat' dir='ltr'>undecimum,</span> <span class='ocrx_word' id='word_1_259' title='bbox 949 3368 1221 3464; x_wconf 87' lang='lat' dir='ltr'>quindecimum</span> <span class='ocrx_word' id='word_1_260' title='bbox 1248 3381 1283 3439; x_wconf 92' lang='lat' dir='ltr'>et</span> <span class='ocrx_word' id='word_1_261' title='bbox 1309 3365 1526 3465; x_wconf 89' lang='lat' dir='ltr'>planudeam</span> <span class='ocrx_word' id='word_1_262' title='bbox 1554 3369 1811 3467; x_wconf 88' lang='lat' dir='ltr'>appendicem,</span> 
     </span>
     <span class='ocr_line' id='line_1_26' title="bbox 233 3480 1812 3590; baseline -0.002 -26"><span class='ocrx_word' id='word_1_263' title='bbox 233 3515 312 3590; x_wconf 85' lang='lat' dir='ltr'>quae</span> <span class='ocrx_word' id='word_1_264' title='bbox 338 3515 465 3586; x_wconf 85' lang='lat' dir='ltr'>magna</span> <span class='ocrx_word' id='word_1_265' title='bbox 493 3515 534 3561; x_wconf 90' lang='lat' dir='ltr'>ex</span> <span class='ocrx_word' id='word_1_266' title='bbox 564 3505 677 3589; x_wconf 91' lang='lat' dir='ltr'>parte,</span> <span class='ocrx_word' id='word_1_267' title='bbox 699 3491 880 3587; x_wconf 83' lang='lat' dir='ltr'>integrum</span> <span class='ocrx_word' id='word_1_268' title='bbox 901 3491 1053 3583; x_wconf 88' lang='lat' dir='ltr'>nullum,</span> <span class='ocrx_word' id='word_1_269' title='bbox 1078 3493 1116 3563; x_wconf 93' lang='lat' dir='ltr'>in</span> <span class='ocrx_word' id='word_1_270' title='bbox 1139 3490 1292 3564; x_wconf 90' lang='lat' dir='ltr'>latinum</span> <span class='ocrx_word' id='word_1_271' title='bbox 1318 3516 1522 3562; x_wconf 89' lang='lat' dir='ltr'>sermonem</span> <span class='ocrx_word' id='word_1_272' title='bbox 1541 3480 1732 3563; x_wconf 87' lang='lat' dir='ltr'>convertit.</span> <span class='ocrx_word' id='word_1_273' title='bbox 1752 3498 1812 3562; x_wconf 89' lang='lat' dir='ltr'>ln·</span> 
     </span>
     <span class='ocr_line' id='line_1_27' title="bbox 234 3612 1812 3710; baseline -0.002 -24"><span class='ocrx_word' id='word_1_274' title='bbox 234 3632 376 3710; x_wconf 85' lang='lat' dir='ltr'>gentem</span> <span class='ocrx_word' id='word_1_275' title='bbox 388 3614 528 3685; x_wconf 88' lang='lat' dir='ltr'>hiatum</span> <span class='ocrx_word' id='word_1_276' title='bbox 546 3614 732 3709; x_wconf 91' lang='lat' dir='ltr'>quomodo</span> <span class='ocrx_word' id='word_1_277' title='bbox 749 3615 930 3709; x_wconf 86' lang='lat' dir='ltr'>explerem</span> <span class='ocrx_word' id='word_1_278' title='bbox 940 3631 976 3683; x_wconf 94' lang='lat' dir='ltr'>et</span> <span class='ocrx_word' id='word_1_279' title='bbox 989 3617 1026 3684; x_wconf 92' lang='lat' dir='ltr'>in</span> <span class='ocrx_word' id='word_1_280' title='bbox 1041 3622 1116 3685; x_wconf 89' lang='lat' dir='ltr'>otio</span> <span class='ocrx_word' id='word_1_281' title='bbox 1134 3616 1218 3683; x_wconf 90' lang='lat' dir='ltr'>satis</span> <span class='ocrx_word' id='word_1_282' title='bbox 1234 3628 1385 3707; x_wconf 90' lang='lat' dir='ltr'>angusto</span> <span class='ocrx_word' id='word_1_283' title='bbox 1400 3612 1618 3707; x_wconf 87' lang='lat' dir='ltr'>longissimis</span> <span class='ocrx_word' id='word_1_284' title='bbox 1632 3616 1812 3710; x_wconf 88' lang='lat' dir='ltr'>capitum,</span> 
     </span>
     <span class='ocr_line' id='line_1_28' title="bbox 235 3735 1813 3834; baseline 0.001 -27"><span class='ocrx_word' id='word_1_285' title='bbox 235 3738 388 3834; x_wconf 90' lang='lat' dir='ltr'>septimo</span> <span class='ocrx_word' id='word_1_286' title='bbox 405 3751 440 3806; x_wconf 90' lang='lat' dir='ltr'>et</span> <span class='ocrx_word' id='word_1_287' title='bbox 460 3761 576 3825; x_wconf 90' lang='lat' dir='ltr'>n0n0,</span> <span class='ocrx_word' id='word_1_288' title='bbox 597 3735 841 3833; x_wconf 87' lang='lat' dir='ltr'>prospicerem</span> <span class='ocrx_word' id='word_1_289' title='bbox 856 3759 931 3804; x_wconf 95' lang='lat' dir='ltr'>non</span> <span class='ocrx_word' id='word_1_290' title='bbox 950 3737 1077 3807; x_wconf 90' lang='lat' dir='ltr'>leviter</span> <span class='ocrx_word' id='word_1_291' title='bbox 1089 3737 1202 3805; x_wconf 91' lang='lat' dir='ltr'>animi</span> <span class='ocrx_word' id='word_1_292' title='bbox 1217 3736 1406 3820; x_wconf 89' lang='lat' dir='ltr'>sollicitus,</span> <span class='ocrx_word' id='word_1_293' title='bbox 1422 3736 1679 3805; x_wconf 89' lang='lat' dir='ltr'>amicissimum</span> <span class='ocrx_word' id='word_1_294' title='bbox 1695 3739 1813 3809; x_wconf 88' lang='lat' dir='ltr'>virum</span> 
     </span>
     <span class='ocr_line' id='line_1_29' title="bbox 234 3856 1815 3957; baseline 0.002 -27"><span class='ocrx_word' id='word_1_295' title='bbox 234 3866 264 3931; x_wconf 88' lang='lat' dir='ltr'>l.</span> <span class='ocrx_word' id='word_1_296' title='bbox 285 3866 460 3930; x_wconf 70' lang='lat' dir='ltr'>Lintuma</span> <span class='ocrx_word' id='word_1_297' title='bbox 477 3859 675 3957; x_wconf 89' lang='lat' dir='ltr'>appellavi,</span> <span class='ocrx_word' id='word_1_298' title='bbox 696 3860 798 3955; x_wconf 88' lang='lat' dir='ltr'>cujus</span> <span class='ocrx_word' id='word_1_299' title='bbox 816 3856 966 3931; x_wconf 88' lang='lat' dir='ltr'>multam</span> <span class='ocrx_word' id='word_1_300' title='bbox 993 3858 1197 3931; x_wconf 88' lang='lat' dir='ltr'>doctrinam</span> <span class='ocrx_word' id='word_1_301' title='bbox 1225 3875 1261 3931; x_wconf 91' lang='lat' dir='ltr'>et</span> <span class='ocrx_word' id='word_1_302' title='bbox 1285 3858 1503 3931; x_wconf 79' lang='lat' dir='ltr'>indefessum</span> <span class='ocrx_word' id='word_1_303' title='bbox 1527 3861 1561 3928; x_wconf 90' lang='lat' dir='ltr'>in</span> <span class='ocrx_word' id='word_1_304' title='bbox 1588 3859 1815 3957; x_wconf 85' lang='lat' dir='ltr'>philologieis</span> 
     </span>
     <span class='ocr_line' id='line_1_30' title="bbox 236 3982 1811 4081; baseline -0.001 -25"><span class='ocrx_word' id='word_1_305' title='bbox 236 4009 344 4057; x_wconf 90' lang='lat' dir='ltr'>omne</span> <span class='ocrx_word' id='word_1_306' title='bbox 365 4007 476 4079; x_wconf 88' lang='lat' dir='ltr'>genus</span> <span class='ocrx_word' id='word_1_307' title='bbox 496 3982 623 4053; x_wconf 91' lang='lat' dir='ltr'>studiis</span> <span class='ocrx_word' id='word_1_308' title='bbox 642 3982 809 4054; x_wconf 90' lang='lat' dir='ltr'>ardorem</span> <span class='ocrx_word' id='word_1_309' title='bbox 824 3999 898 4055; x_wconf 89' lang='lat' dir='ltr'>tam</span> <span class='ocrx_word' id='word_1_310' title='bbox 920 4007 960 4055; x_wconf 84' lang='lat' dir='ltr'>ex</span> <span class='ocrx_word' id='word_1_311' title='bbox 981 3984 1122 4081; x_wconf 82' lang='lat' dir='ltr'>scriptis</span> <span class='ocrx_word' id='word_1_312' title='bbox 1140 4009 1250 4081; x_wconf 87' lang='lat' dir='ltr'>qnam</span> <span class='ocrx_word' id='word_1_313' title='bbox 1271 3982 1435 4053; x_wconf 82' lang='lat' dir='ltr'>familiari</span> <span class='ocrx_word' id='word_1_314' title='bbox 1452 4010 1517 4054; x_wconf 93' lang='lat' dir='ltr'>usu</span> <span class='ocrx_word' id='word_1_315' title='bbox 1537 3986 1721 4079; x_wconf 88' lang='lat' dir='ltr'>cognitum</span> <span class='ocrx_word' id='word_1_316' title='bbox 1748 3986 1811 4055; x_wconf 92' lang='lat' dir='ltr'>ha-</span> 
     </span>
     <span class='ocr_line' id='line_1_31' title="bbox 235 4106 1811 4206; baseline 0 -27"><span class='ocrx_word' id='word_1_317' title='bbox 235 4108 377 4179; x_wconf 89' lang='lat' dir='ltr'>heham.</span> <span class='ocrx_word' id='word_1_318' title='bbox 405 4112 475 4177; x_wconf 91' lang='lat' dir='ltr'>Nec</span> <span class='ocrx_word' id='word_1_319' title='bbox 492 4106 614 4177; x_wconf 85' lang='lat' dir='ltr'>lesellit</span> <span class='ocrx_word' id='word_1_320' title='bbox 641 4132 722 4204; x_wconf 90' lang='lat' dir='ltr'>spes</span> <span class='ocrx_word' id='word_1_321' title='bbox 749 4109 787 4177; x_wconf 89' lang='lat' dir='ltr'>in</span> <span class='ocrx_word' id='word_1_322' title='bbox 816 4108 933 4178; x_wconf 91' lang='lat' dir='ltr'>amico</span> <span class='ocrx_word' id='word_1_323' title='bbox 958 4108 1074 4205; x_wconf 86' lang='lat' dir='ltr'>posita</span> <span class='ocrx_word' id='word_1_324' title='bbox 1103 4135 1110 4177; x_wconf 91' lang='lat'>:</span> <span class='ocrx_word' id='word_1_325' title='bbox 1143 4108 1219 4179; x_wconf 92' lang='lat' dir='ltr'>sine</span> <span class='ocrx_word' id='word_1_326' title='bbox 1248 4133 1348 4178; x_wconf 89' lang='lat' dir='ltr'>mora</span> <span class='ocrx_word' id='word_1_327' title='bbox 1371 4108 1559 4205; x_wconf 87' lang='lat' dir='ltr'>respondit</span> <span class='ocrx_word' id='word_1_328' title='bbox 1582 4134 1619 4178; x_wconf 91' lang='lat' dir='ltr'>se</span> <span class='ocrx_word' id='word_1_329' title='bbox 1637 4124 1811 4206; x_wconf 88' lang='lat' dir='ltr'>prompto</span> 
     </span>
     <span class='ocr_line' id='line_1_32' title="bbox 236 4230 1814 4329; baseline -0.001 -25"><span class='ocrx_word' id='word_1_330' title='bbox 236 4235 357 4305; x_wconf 91' lang='lat' dir='ltr'>animo</span> <span class='ocrx_word' id='word_1_331' title='bbox 380 4256 457 4305; x_wconf 90' lang='lat' dir='ltr'>rem</span> <span class='ocrx_word' id='word_1_332' title='bbox 477 4244 739 4328; x_wconf 89' lang='lat' dir='ltr'>suscepturum.</span> <span class='ocrx_word' id='word_1_333' title='bbox 765 4235 850 4300; x_wconf 89' lang='lat' dir='ltr'>Tam</span> <span class='ocrx_word' id='word_1_334' title='bbox 872 4230 978 4326; x_wconf 90' lang='lat' dir='ltr'>longe</span> <span class='ocrx_word' id='word_1_335' title='bbox 996 4248 1116 4304; x_wconf 91' lang='lat' dir='ltr'>autem</span> <span class='ocrx_word' id='word_1_336' title='bbox 1134 4232 1258 4303; x_wconf 91' lang='lat' dir='ltr'>aberat</span> <span class='ocrx_word' id='word_1_337' title='bbox 1286 4248 1325 4303; x_wconf 91' lang='lat' dir='ltr'>nt</span> <span class='ocrx_word' id='word_1_338' title='bbox 1349 4234 1468 4304; x_wconf 89' lang='lat' dir='ltr'>oneris</span> <span class='ocrx_word' id='word_1_339' title='bbox 1500 4232 1637 4329; x_wconf 92' lang='lat' dir='ltr'>aliquid</span> <span class='ocrx_word' id='word_1_340' title='bbox 1666 4235 1814 4304; x_wconf 89' lang='lat' dir='ltr'>sentiret</span> 
     </span>
     <span class='ocr_line' id='line_1_33' title="bbox 236 4354 1811 4454; baseline -0.003 -25"><span class='ocrx_word' id='word_1_341' title='bbox 236 4358 303 4430; x_wconf 92' lang='lat' dir='ltr'>sibi</span> <span class='ocrx_word' id='word_1_342' title='bbox 319 4382 395 4429; x_wconf 88' lang='lat' dir='ltr'>esse</span> <span class='ocrx_word' id='word_1_343' title='bbox 412 4357 639 4454; x_wconf 91' lang='lat' dir='ltr'>impositum,</span> <span class='ocrx_word' id='word_1_344' title='bbox 656 4369 696 4425; x_wconf 91' lang='lat' dir='ltr'>ut</span> <span class='ocrx_word' id='word_1_345' title='bbox 715 4354 844 4425; x_wconf 90' lang='lat' dir='ltr'>exinde</span> <span class='ocrx_word' id='word_1_346' title='bbox 857 4367 974 4425; x_wconf 89' lang='lat' dir='ltr'>totum</span> <span class='ocrx_word' id='word_1_347' title='bbox 990 4355 1141 4428; x_wconf 91' lang='lat' dir='ltr'>sedaret</span> <span class='ocrx_word' id='word_1_348' title='bbox 1155 4355 1378 4451; x_wconf 87' lang='lat' dir='ltr'>Anthologiae</span> <span class='ocrx_word' id='word_1_349' title='bbox 1393 4380 1524 4450; x_wconf 86' lang='lat' dir='ltr'>graecae.</span> <span class='ocrx_word' id='word_1_350' title='bbox 1542 4361 1620 4427; x_wconf 90' lang='lat' dir='ltr'>Non</span> <span class='ocrx_word' id='word_1_351' title='bbox 1641 4381 1682 4426; x_wconf 89' lang='lat' dir='ltr'>ea</span> <span class='ocrx_word' id='word_1_352' title='bbox 1697 4356 1811 4427; x_wconf 83' lang='lat' dir='ltr'>solunt</span> 
     </span>
     <span class='ocr_line' id='line_1_34' title="bbox 237 4477 1812 4579; baseline -0.004 -27"><span class='ocrx_word' id='word_1_353' title='bbox 237 4505 316 4579; x_wconf 86' lang='lat' dir='ltr'>quae</span> <span class='ocrx_word' id='word_1_354' title='bbox 331 4481 582 4552; x_wconf 89' lang='lat' dir='ltr'>Boissonadius</span> <span class='ocrx_word' id='word_1_355' title='bbox 596 4493 632 4550; x_wconf 90' lang='lat' dir='ltr'>et</span> <span class='ocrx_word' id='word_1_356' title='bbox 644 4477 793 4550; x_wconf 88' lang='lat' dir='ltr'>Bothius</span> <span class='ocrx_word' id='word_1_357' title='bbox 810 4479 945 4549; x_wconf 88' lang='lat' dir='ltr'>intacta</span> <span class='ocrx_word' id='word_1_358' title='bbox 964 4478 1201 4575; x_wconf 88' lang='lat' dir='ltr'>reliquerant,</span> <span class='ocrx_word' id='word_1_359' title='bbox 1219 4479 1282 4552; x_wconf 89' lang='lat' dir='ltr'>sed</span> <span class='ocrx_word' id='word_1_360' title='bbox 1304 4479 1440 4574; x_wconf 92' lang='lat' dir='ltr'>integra</span> <span class='ocrx_word' id='word_1_361' title='bbox 1462 4481 1581 4577; x_wconf 89' lang='lat' dir='ltr'>capita</span> <span class='ocrx_word' id='word_1_362' title='bbox 1605 4480 1812 4575; x_wconf 87' lang='lat' dir='ltr'>quindecim</span> 
     </span>
     <span class='ocr_line' id='line_1_35' title="bbox 238 4603 1812 4702; baseline -0.005 -25"><span class='ocrx_word' id='word_1_363' title='bbox 238 4604 403 4677; x_wconf 77' lang='lat' dir='ltr'>Palatinae</span> <span class='ocrx_word' id='word_1_364' title='bbox 420 4618 456 4675; x_wconf 91' lang='lat' dir='ltr'>et</span> <span class='ocrx_word' id='word_1_365' title='bbox 472 4603 688 4701; x_wconf 89' lang='lat' dir='ltr'>planudeam</span> <span class='ocrx_word' id='word_1_366' title='bbox 709 4603 947 4702; x_wconf 91' lang='lat' dir='ltr'>appendicem</span> <span class='ocrx_word' id='word_1_367' title='bbox 965 4633 982 4668; x_wconf 89' lang='lat'>«</span> <span class='ocrx_word' id='word_1_368' title='bbox 1001 4604 1177 4675; x_wconf 91' lang='lat' dir='ltr'>latinitate</span> <span class='ocrx_word' id='word_1_369' title='bbox 1192 4605 1385 4676; x_wconf 77' lang='lat' dir='ltr'>donavit.»</span> <span class='ocrx_word' id='word_1_370' title='bbox 1405 4609 1575 4676; x_wconf 74' lang='lat' dir='ltr'>Praeterea</span> <span class='ocrx_word' id='word_1_371' title='bbox 1590 4605 1637 4675; x_wconf 94' lang='lat' dir='ltr'>de</span> <span class='ocrx_word' id='word_1_372' title='bbox 1649 4605 1812 4702; x_wconf 67' lang='lat' dir='ltr'>plurimis</span> 
     </span>
     <span class='ocr_line' id='line_1_36' title="bbox 239 4703 1814 4824; baseline -0.001 -24"><span class='ocrx_word' id='word_1_373' title='bbox 239 4743 292 4800; x_wconf 89' lang='lat' dir='ltr'>cst</span> <span class='ocrx_word' id='word_1_374' title='bbox 304 4741 567 4800; x_wconf 86' lang='lat' dir='ltr'>commentatus</span> <span class='ocrx_word' id='word_1_375' title='bbox 582 4741 617 4797; x_wconf 92' lang='lat' dir='ltr'>et</span> <span class='ocrx_word' id='word_1_376' title='bbox 636 4725 992 4799; x_wconf 89' lang='lat' dir='ltr'>animadversionum</span> <span class='ocrx_word' id='word_1_377' title='bbox 1011 4751 1156 4798; x_wconf 89' lang='lat' dir='ltr'>suarum</span> <span class='ocrx_word' id='word_1_378' title='bbox 1175 4727 1341 4800; x_wconf 90' lang='lat' dir='ltr'>condidit</span> <span class='ocrx_word' id='word_1_379' title='bbox 1358 4703 1546 4800; x_wconf 80' lang='lat' dir='ltr'>fasciculos</span> <span class='ocrx_word' id='word_1_380' title='bbox 1569 4757 1576 4798; x_wconf 92' lang='lat'><strong>:</strong></span> <span class='ocrx_word' id='word_1_381' title='bbox 1604 4728 1718 4818; x_wconf 88' lang='lat' dir='ltr'>unde,</span> <span class='ocrx_word' id='word_1_382' title='bbox 1734 4753 1814 4824; x_wconf 78' lang='lat' dir='ltr'>&lt;pne</span> 
     </span>
     <span class='ocr_line' id='line_1_37' title="bbox 240 4850 1578 4950; baseline -0.001 -27"><span class='ocrx_word' id='word_1_383' title='bbox 240 4854 407 4949; x_wconf 82' lang='lat' dir='ltr'>fugerunt</span> <span class='ocrx_word' id='word_1_384' title='bbox 426 4853 639 4950; x_wconf 89' lang='lat' dir='ltr'>interpretes</span> <span class='ocrx_word' id='word_1_385' title='bbox 653 4851 806 4948; x_wconf 90' lang='lat' dir='ltr'>priores,</span> <span class='ocrx_word' id='word_1_386' title='bbox 822 4865 989 4947; x_wconf 90' lang='lat' dir='ltr'>excerpta</span> <span class='ocrx_word' id='word_1_387' title='bbox 1002 4866 1183 4948; x_wconf 90' lang='lat' dir='ltr'>proponet</span> <span class='ocrx_word' id='word_1_388' title='bbox 1200 4852 1238 4922; x_wconf 92' lang='lat' dir='ltr'>in</span> <span class='ocrx_word' id='word_1_389' title='bbox 1253 4850 1366 4923; x_wconf 89' lang='lat' dir='ltr'>altero</span> <span class='ocrx_word' id='word_1_390' title='bbox 1382 4853 1578 4923; x_wconf 91' lang='lat' dir='ltr'>volumine.</span> 
     </span>
    </p>

    <p class='ocr_par' dir='ltr' id='par_1_5' title="bbox 242 4971 1814 5185">
     <span class='ocr_line' id='line_1_38' title="bbox 288 4971 1814 5072; baseline 0.001 -31"><span class='ocrx_word' id='word_1_391' title='bbox 288 4976 329 5042; x_wconf 93' lang='lat' dir='ltr'>ln</span> <span class='ocrx_word' id='word_1_392' title='bbox 349 4973 582 5046; x_wconf 88' lang='lat' dir='ltr'>annotatione</span> <span class='ocrx_word' id='word_1_393' title='bbox 599 4973 737 5069; x_wconf 87' lang='lat' dir='ltr'>integra</span> <span class='ocrx_word' id='word_1_394' title='bbox 764 4972 876 5045; x_wconf 91' lang='lat' dir='ltr'>habes</span> <span class='ocrx_word' id='word_1_395' title='bbox 900 4976 1175 5049; x_wconf 85' lang='lat' dir='ltr'>Boissonadiana</span> <span class='ocrx_word' id='word_1_396' title='bbox 1199 4991 1235 5047; x_wconf 90' lang='lat' dir='ltr'>et</span> <span class='ocrx_word' id='word_1_397' title='bbox 1260 4976 1474 5050; x_wconf 89' lang='lat' dir='ltr'>Jacohsiana</span> <span class='ocrx_word' id='word_1_398' title='bbox 1496 4971 1650 5072; x_wconf 89' lang='lat' dir='ltr'>exempli</span> <span class='ocrx_word' id='word_1_399' title='bbox 1674 4975 1720 5046; x_wconf 89' lang='lat' dir='ltr'>ad</span> <span class='ocrx_word' id='word_1_400' title='bbox 1748 4999 1814 5044; x_wconf 89' lang='lat' dir='ltr'>nos</span> 
     </span>
     <span class='ocr_line' id='line_1_39' title="bbox 242 5094 1793 5185; baseline 0.001 -19"><span class='ocrx_word' id='word_1_401' title='bbox 242 5097 358 5185; x_wconf 87' lang='lat' dir='ltr'>missi,</span> <span class='ocrx_word' id='word_1_402' title='bbox 377 5094 504 5167; x_wconf 87' lang='lat' dir='ltr'>selecta</span> <span class='ocrx_word' id='word_1_403' title='bbox 520 5111 641 5169; x_wconf 90' lang='lat' dir='ltr'>autem</span> <span class='ocrx_word' id='word_1_404' title='bbox 657 5122 698 5169; x_wconf 91' lang='lat' dir='ltr'>ex</span> <span class='ocrx_word' id='word_1_405' title='bbox 716 5097 912 5171; x_wconf 86' lang='lat' dir='ltr'>Botltianis.</span> <span class='ocrx_word' id='word_1_406' title='bbox 934 5104 1098 5171; x_wconf 75' lang='lat' dir='ltr'>Ceterum</span> <span class='ocrx_word' id='word_1_407' title='bbox 1118 5100 1284 5172; x_wconf 89' lang='lat' dir='ltr'>brevitati</span> <span class='ocrx_word' id='word_1_408' title='bbox 1305 5100 1410 5171; x_wconf 90' lang='lat' dir='ltr'>simul</span> <span class='ocrx_word' id='word_1_409' title='bbox 1430 5115 1462 5169; x_wconf 89' lang='lat' dir='ltr'>et</span> <span class='ocrx_word' id='word_1_410' title='bbox 1487 5098 1688 5171; x_wconf 86' lang='lat' dir='ltr'>commodis</span> <span class='ocrx_word' id='word_1_411' title='bbox 1715 5098 1793 5176; x_wconf 89' lang='lat' dir='ltr'>utili</span> 
     </span>
    </p>
   </div>
   <div class='ocr_carea' id='block_1_4' title="bbox 0 0 2021 5952">
    <p class='ocr_par' dir='ltr' id='par_1_6' title="bbox 0 0 2021 5952">
     <span class='ocr_line' id='line_1_40' title="bbox 0 0 2021 5952; baseline 0 0"><span class='ocrx_word' id='word_1_412' title='bbox 0 0 2021 5952; x_wconf 95' lang='lat' dir='ltr'> </span> 
     </span>
    </p>
   </div>
  </div>
 </body>
</html>
