<?xml version="1.0" encoding="UTF-8"?>
<!DOCTYPE html PUBLIC "-//W3C//DTD XHTML 1.0 Transitional//EN"
    "http://www.w3.org/TR/xhtml1/DTD/xhtml1-transitional.dtd">
<html xmlns="http://www.w3.org/1999/xhtml" xml:lang="en" lang="en">
 <head>
  <title>
</title>
<meta http-equiv="Content-Type" content="text/html;charset=utf-8" />
  <meta name='ocr-system' content='tesseract 3.04.00' />
  <meta name='ocr-capabilities' content='ocr_page ocr_carea ocr_par ocr_line ocrx_word'/>
</head>
<body>
  <div class='ocr_page' id='page_1' title='image "./epigrammatumant03plangoog/epigrammatumant03plangoog_0023.png"; bbox 0 0 4000 5952; ppageno 0'>
   <div class='ocr_carea' id='block_1_1' title="bbox 179 348 1064 431">
    <p class='ocr_par' dir='ltr' id='par_1_1' title="bbox 179 348 1064 431">
     <span class='ocr_line' id='line_1_1' title="bbox 179 348 1064 431; baseline -0.006 -17"><span class='ocrx_word' id='word_1_1' title='bbox 179 353 248 431; x_wconf 84' lang='lat' dir='ltr'><strong>xriij</strong></span> <span class='ocrx_word' id='word_1_2' title='bbox 900 348 1064 410; x_wconf 74' lang='lat' dir='ltr'><strong>leOBSll</strong></span> 
     </span>
    </p>
   </div>
   <div class='ocr_carea' id='block_1_2' title="bbox 136 479 1796 4147">
    <p class='ocr_par' dir='ltr' id='par_1_2' title="bbox 136 479 1796 4147">
     <span class='ocr_line' id='line_1_2' title="bbox 176 479 1780 563; baseline 0 -19"><span class='ocrx_word' id='word_1_3' title='bbox 176 487 327 563; x_wconf 86' lang='lat' dir='ltr'><strong>exiguum.</strong></span> <span class='ocrx_word' id='word_1_4' title='bbox 344 482 425 541; x_wconf 89' lang='lat' dir='ltr'><strong>lnter</strong></span> <span class='ocrx_word' id='word_1_5' title='bbox 440 482 502 540; x_wconf 83' lang='lat' dir='ltr'><strong>brec</strong></span> <span class='ocrx_word' id='word_1_6' title='bbox 520 501 609 558; x_wconf 91' lang='lat' dir='ltr'><strong>quum</strong></span> <span class='ocrx_word' id='word_1_7' title='bbox 628 482 755 563; x_wconf 80' lang='lat' dir='ltr'><strong>plurima</strong></span> <span class='ocrx_word' id='word_1_8' title='bbox 775 495 871 540; x_wconf 87' lang='lat' dir='ltr'><strong>essent</strong></span> <span class='ocrx_word' id='word_1_9' title='bbox 891 502 957 559; x_wconf 86' lang='lat' dir='ltr'><strong>quae</strong></span> <span class='ocrx_word' id='word_1_10' title='bbox 1000 482 1163 559; x_wconf 89' lang='lat' dir='ltr'><strong>argumenti</strong></span> <span class='ocrx_word' id='word_1_11' title='bbox 1180 482 1294 540; x_wconf 88' lang='lat' dir='ltr'><strong>ratione</strong></span> <span class='ocrx_word' id='word_1_12' title='bbox 1315 479 1415 540; x_wconf 90' lang='lat' dir='ltr'><strong>habita</strong></span> <span class='ocrx_word' id='word_1_13' title='bbox 1437 481 1677 560; x_wconf 70' lang='lat' dir='ltr'><strong>epigrammatum</strong></span> <span class='ocrx_word' id='word_1_14' title='bbox 1703 486 1780 546; x_wconf 84' lang='lat' dir='ltr'><strong>lace·</strong></span> 
     </span>
     <span class='ocr_line' id='line_1_3' title="bbox 178 567 1779 650; baseline 0.001 -18"><span class='ocrx_word' id='word_1_15' title='bbox 178 573 214 632; x_wconf 89' lang='lat' dir='ltr'><strong>ad</strong></span> <span class='ocrx_word' id='word_1_16' title='bbox 233 573 409 650; x_wconf 90' lang='lat' dir='ltr'><strong>populorum</strong></span> <span class='ocrx_word' id='word_1_17' title='bbox 429 588 475 628; x_wconf 90' lang='lat' dir='ltr'><strong>res</strong></span> <span class='ocrx_word' id='word_1_18' title='bbox 494 581 606 644; x_wconf 86' lang='lat' dir='ltr'><strong>gestas,</strong></span> <span class='ocrx_word' id='word_1_19' title='bbox 634 569 669 627; x_wconf 91' lang='lat' dir='ltr'><strong>ad</strong></span> <span class='ocrx_word' id='word_1_20' title='bbox 689 581 815 627; x_wconf 83' lang='lat' dir='ltr'><strong>veterem</strong></span> <span class='ocrx_word' id='word_1_21' title='bbox 835 567 954 627; x_wconf 91' lang='lat' dir='ltr'><strong>urbium</strong></span> <span class='ocrx_word' id='word_1_22' title='bbox 1001 582 1066 628; x_wconf 91' lang='lat' dir='ltr'><strong>rent</strong></span> <span class='ocrx_word' id='word_1_23' title='bbox 1080 569 1231 630; x_wconf 89' lang='lat' dir='ltr'><strong>delectum.</strong></span> <span class='ocrx_word' id='word_1_24' title='bbox 1278 569 1387 628; x_wconf 92' lang='lat' dir='ltr'><strong>llorum</strong></span> <span class='ocrx_word' id='word_1_25' title='bbox 1406 589 1498 639; x_wconf 88' lang='lat' dir='ltr'><strong>unus,</strong></span> <span class='ocrx_word' id='word_1_26' title='bbox 1525 570 1639 630; x_wconf 84' lang='lat' dir='ltr'><strong>Sraaro</strong></span> <span class='ocrx_word' id='word_1_27' title='bbox 1657 571 1779 633; x_wconf 88' lang='lat' dir='ltr'><strong>Sardia-</strong></span> 
     </span>
     <span class='ocr_line' id='line_1_4' title="bbox 179 655 1780 737; baseline 0 -18"><span class='ocrx_word' id='word_1_28' title='bbox 179 660 366 730; x_wconf 86' lang='lat' dir='ltr'><strong>memoriam,</strong></span> <span class='ocrx_word' id='word_1_29' title='bbox 408 656 651 734; x_wconf 90' lang='lat' dir='ltr'><strong>singulorumque</strong></span> <span class='ocrx_word' id='word_1_30' title='bbox 683 656 834 715; x_wconf 90' lang='lat' dir='ltr'><strong>hominum</strong></span> <span class='ocrx_word' id='word_1_31' title='bbox 865 657 953 716; x_wconf 84' lang='lat' dir='ltr'><strong>vitam</strong></span> <span class='ocrx_word' id='word_1_32' title='bbox 1002 675 1077 726; x_wconf 89' lang='lat' dir='ltr'><strong>nus,</strong></span> <span class='ocrx_word' id='word_1_33' title='bbox 1094 655 1182 715; x_wconf 91' lang='lat' dir='ltr'><strong>bomo</strong></span> <span class='ocrx_word' id='word_1_34' title='bbox 1202 656 1337 734; x_wconf 88' lang='lat' dir='ltr'><strong>nequiter</strong></span> <span class='ocrx_word' id='word_1_35' title='bbox 1350 656 1601 732; x_wconf 88' lang='lat' dir='ltr'><strong>ingeniosus,sed</strong></span> <span class='ocrx_word' id='word_1_36' title='bbox 1613 673 1698 737; x_wconf 89' lang='lat' dir='ltr'><strong>poeta</strong></span> <span class='ocrx_word' id='word_1_37' title='bbox 1721 661 1780 720; x_wconf 90' lang='lat' dir='ltr'><strong>ele·</strong></span> 
     </span>
     <span class='ocr_line' id='line_1_5' title="bbox 179 742 1780 823; baseline 0.001 -16"><span class='ocrx_word' id='word_1_38' title='bbox 179 748 379 807; x_wconf 88' lang='lat' dir='ltr'><strong>illustrandam</strong></span> <span class='ocrx_word' id='word_1_39' title='bbox 396 756 573 803; x_wconf 82' lang='lat' dir='ltr'><strong>momentum</strong></span> <span class='ocrx_word' id='word_1_40' title='bbox 589 744 745 816; x_wconf 91' lang='lat' dir='ltr'><strong>haberent,</strong></span> <span class='ocrx_word' id='word_1_41' title='bbox 770 742 885 816; x_wconf 83' lang='lat' dir='ltr'><strong>Graeci,</strong></span> <span class='ocrx_word' id='word_1_42' title='bbox 906 763 956 803; x_wconf 83' lang='lat' dir='ltr'><strong>ve-</strong></span> <span class='ocrx_word' id='word_1_43' title='bbox 1002 762 1090 820; x_wconf 87' lang='lat' dir='ltr'><strong>gans,</strong></span> <span class='ocrx_word' id='word_1_44' title='bbox 1117 743 1263 822; x_wconf 88' lang='lat' dir='ltr'><strong>secundo,</strong></span> <span class='ocrx_word' id='word_1_45' title='bbox 1285 756 1318 803; x_wconf 94' lang='lat' dir='ltr'><strong>ut</strong></span> <span class='ocrx_word' id='word_1_46' title='bbox 1336 744 1466 817; x_wconf 84' lang='lat' dir='ltr'><strong>ridetur,</strong></span> <span class='ocrx_word' id='word_1_47' title='bbox 1490 758 1558 823; x_wconf 89' lang='lat' dir='ltr'><strong>post</strong></span> <span class='ocrx_word' id='word_1_48' title='bbox 1576 746 1649 808; x_wconf 85' lang='lat' dir='ltr'><strong>Chr.</strong></span> <span class='ocrx_word' id='word_1_49' title='bbox 1675 750 1780 808; x_wconf 79' lang='lat' dir='ltr'><strong>saeculo</strong></span> 
     </span>
     <span class='ocr_line' id='line_1_6' title="bbox 179 831 1779 915; baseline 0.002 -22"><span class='ocrx_word' id='word_1_50' title='bbox 179 849 262 894; x_wconf 81' lang='lat' dir='ltr'><strong>tustae</strong></span> <span class='ocrx_word' id='word_1_51' title='bbox 283 854 380 895; x_wconf 88' lang='lat' dir='ltr'><strong>rerum</strong></span> <span class='ocrx_word' id='word_1_52' title='bbox 407 852 524 893; x_wconf 85' lang='lat' dir='ltr'><strong>suarum</strong></span> <span class='ocrx_word' id='word_1_53' title='bbox 550 834 696 892; x_wconf 85' lang='lat' dir='ltr'><strong>memoriae</strong></span> <span class='ocrx_word' id='word_1_54' title='bbox 726 843 956 910; x_wconf 71' lang='lat' dir='ltr'><strong>perscrutatores</strong></span> <span class='ocrx_word' id='word_1_55' title='bbox 1002 842 1142 902; x_wconf 79' lang='lat' dir='ltr'><strong>exeunte,</strong></span> <span class='ocrx_word' id='word_1_56' title='bbox 1158 831 1236 911; x_wconf 90' lang='lat' dir='ltr'><strong>turpi</strong></span> <span class='ocrx_word' id='word_1_57' title='bbox 1247 831 1371 892; x_wconf 86' lang='lat' dir='ltr'><strong>consilio</strong></span> <span class='ocrx_word' id='word_1_58' title='bbox 1390 849 1428 890; x_wconf 81' lang='lat' dir='ltr'><strong>ex</strong></span> <span class='ocrx_word' id='word_1_59' title='bbox 1448 832 1586 909; x_wconf 79' lang='lat' dir='ltr'><strong>Meleagri</strong></span> <span class='ocrx_word' id='word_1_60' title='bbox 1607 847 1636 892; x_wconf 90' lang='lat' dir='ltr'><strong>et</strong></span> <span class='ocrx_word' id='word_1_61' title='bbox 1648 835 1779 915; x_wconf 87' lang='lat' dir='ltr'><strong>Philippi</strong></span> 
     </span>
     <span class='ocr_line' id='line_1_7' title="bbox 179 919 1780 1001; baseline 0 -20"><span class='ocrx_word' id='word_1_62' title='bbox 179 924 391 1001; x_wconf 74' lang='lat' dir='ltr'><strong>curiosissimi,</strong></span> <span class='ocrx_word' id='word_1_63' title='bbox 406 941 458 980; x_wconf 88' lang='lat' dir='ltr'><strong>uec</strong></span> <span class='ocrx_word' id='word_1_64' title='bbox 469 921 547 980; x_wconf 92' lang='lat' dir='ltr'><strong>hunc</strong></span> <span class='ocrx_word' id='word_1_65' title='bbox 563 922 671 980; x_wconf 84' lang='lat' dir='ltr'><strong>iontem</strong></span> <span class='ocrx_word' id='word_1_66' title='bbox 685 920 885 995; x_wconf 83' lang='lat' dir='ltr'><strong>neglexerunt,</strong></span> <span class='ocrx_word' id='word_1_67' title='bbox 903 937 956 978; x_wconf 83' lang='lat' dir='ltr'><strong>ex·</strong></span> <span class='ocrx_word' id='word_1_68' title='bbox 1001 924 1108 975; x_wconf 83' lang='lat' dir='ltr'><strong>coronis</strong></span> <span class='ocrx_word' id='word_1_69' title='bbox 1128 936 1162 975; x_wconf 90' lang='lat' dir='ltr'><strong>ea</strong></span> <span class='ocrx_word' id='word_1_70' title='bbox 1181 919 1327 998; x_wconf 83' lang='lat' dir='ltr'><strong>excerpsit</strong></span> <span class='ocrx_word' id='word_1_71' title='bbox 1346 938 1412 995; x_wconf 81' lang='lat' dir='ltr'><strong>quae</strong></span> <span class='ocrx_word' id='word_1_72' title='bbox 1424 920 1462 977; x_wconf 91' lang='lat' dir='ltr'><strong>ad</strong></span> <span class='ocrx_word' id='word_1_73' title='bbox 1486 939 1642 998; x_wconf 90' lang='lat' dir='ltr'><strong>puerorum</strong></span> <span class='ocrx_word' id='word_1_74' title='bbox 1668 942 1780 981; x_wconf 89' lang='lat' dir='ltr'><strong>amores</strong></span> 
     </span>
     <span class='ocr_line' id='line_1_8' title="bbox 179 1007 1777 1089; baseline -0.001 -19"><span class='ocrx_word' id='word_1_75' title='bbox 179 1012 376 1089; x_wconf 89' lang='lat' dir='ltr'><strong>stiteruntque</strong></span> <span class='ocrx_word' id='word_1_76' title='bbox 388 1013 440 1088; x_wconf 89' lang='lat' dir='ltr'><strong>qui</strong></span> <span class='ocrx_word' id='word_1_77' title='bbox 449 1007 595 1087; x_wconf 89' lang='lat' dir='ltr'><strong>ejusmodi</strong></span> <span class='ocrx_word' id='word_1_78' title='bbox 609 1009 818 1086; x_wconf 87' lang='lat' dir='ltr'><strong>epigrammata</strong></span> <span class='ocrx_word' id='word_1_79' title='bbox 838 1025 875 1064; x_wconf 80' lang='lat' dir='ltr'><strong>ex</strong></span> <span class='ocrx_word' id='word_1_80' title='bbox 895 1007 956 1064; x_wconf 90' lang='lat' dir='ltr'><strong>dis·</strong></span> <span class='ocrx_word' id='word_1_81' title='bbox 1003 1017 1180 1083; x_wconf 80' lang='lat' dir='ltr'><strong>spectarent,</strong></span> <span class='ocrx_word' id='word_1_82' title='bbox 1212 1007 1359 1083; x_wconf 90' lang='lat' dir='ltr'><strong>multaque</strong></span> <span class='ocrx_word' id='word_1_83' title='bbox 1395 1007 1431 1064; x_wconf 92' lang='lat' dir='ltr'><strong>de</strong></span> <span class='ocrx_word' id='word_1_84' title='bbox 1455 1009 1532 1079; x_wconf 90' lang='lat' dir='ltr'><strong>suis,</strong></span> <span class='ocrx_word' id='word_1_85' title='bbox 1558 1009 1777 1087; x_wconf 77' lang='lat' dir='ltr'><strong>antiquioribus</strong></span> 
     </span>
     <span class='ocr_line' id='line_1_9' title="bbox 179 1092 1782 1177; baseline -0.001 -20"><span class='ocrx_word' id='word_1_86' title='bbox 179 1099 274 1177; x_wconf 89' lang='lat' dir='ltr'><strong>persis</strong></span> <span class='ocrx_word' id='word_1_87' title='bbox 298 1097 494 1158; x_wconf 89' lang='lat' dir='ltr'><strong>monumentis</strong></span> <span class='ocrx_word' id='word_1_88' title='bbox 518 1096 706 1172; x_wconf 77' lang='lat' dir='ltr'><strong>colligerent,</strong></span> <span class='ocrx_word' id='word_1_89' title='bbox 730 1094 876 1170; x_wconf 91' lang='lat' dir='ltr'><strong>simulque</strong></span> <span class='ocrx_word' id='word_1_90' title='bbox 890 1113 956 1152; x_wconf 91' lang='lat' dir='ltr'><strong>cum</strong></span> <span class='ocrx_word' id='word_1_91' title='bbox 1003 1092 1153 1153; x_wconf 89' lang='lat' dir='ltr'><strong>illishaud</strong></span> <span class='ocrx_word' id='word_1_92' title='bbox 1166 1093 1264 1171; x_wconf 87' lang='lat' dir='ltr'><strong>paullo</strong></span> <span class='ocrx_word' id='word_1_93' title='bbox 1278 1093 1484 1169; x_wconf 86' lang='lat' dir='ltr'><strong>flagitiosiora,</strong></span> <span class='ocrx_word' id='word_1_94' title='bbox 1512 1095 1677 1157; x_wconf 87' lang='lat' dir='ltr'><strong>admiscuit.</strong></span> <span class='ocrx_word' id='word_1_95' title='bbox 1698 1096 1782 1155; x_wconf 91' lang='lat' dir='ltr'><strong>llunc</strong></span> 
     </span>
     <span class='ocr_line' id='line_1_10' title="bbox 179 1179 1782 1264; baseline -0.001 -21"><span class='ocrx_word' id='word_1_96' title='bbox 179 1186 270 1264; x_wconf 89' lang='lat' dir='ltr'><strong>ipsis,</strong></span> <span class='ocrx_word' id='word_1_97' title='bbox 295 1188 332 1244; x_wconf 89' lang='lat' dir='ltr'><strong>ad</strong></span> <span class='ocrx_word' id='word_1_98' title='bbox 353 1206 419 1263; x_wconf 82' lang='lat' dir='ltr'><strong>quae</strong></span> <span class='ocrx_word' id='word_1_99' title='bbox 436 1181 638 1263; x_wconf 85' lang='lat' dir='ltr'><strong>pertinebant,</strong></span> <span class='ocrx_word' id='word_1_100' title='bbox 657 1179 798 1259; x_wconf 87' lang='lat' dir='ltr'><strong>operibus</strong></span> <span class='ocrx_word' id='word_1_101' title='bbox 811 1180 958 1258; x_wconf 88' lang='lat' dir='ltr'><strong>descripta</strong></span> <span class='ocrx_word' id='word_1_102' title='bbox 1002 1180 1154 1251; x_wconf 90' lang='lat' dir='ltr'><strong>libellum,</strong></span> <span class='ocrx_word' id='word_1_103' title='bbox 1169 1198 1234 1237; x_wconf 91' lang='lat' dir='ltr'><strong>cum</strong></span> <span class='ocrx_word' id='word_1_104' title='bbox 1248 1179 1418 1240; x_wconf 79' lang='lat' dir='ltr'><strong>Philaenidis</strong></span> <span class='ocrx_word' id='word_1_105' title='bbox 1432 1181 1553 1241; x_wconf 81' lang='lat' dir='ltr'><strong>sortasse</strong></span> <span class='ocrx_word' id='word_1_106' title='bbox 1565 1195 1595 1241; x_wconf 89' lang='lat' dir='ltr'><strong>et</strong></span> <span class='ocrx_word' id='word_1_107' title='bbox 1615 1180 1782 1259; x_wconf 83' lang='lat' dir='ltr'><strong>Elephanti-</strong></span> 
     </span>
     <span class='ocr_line' id='line_1_11' title="bbox 178 1266 1780 1347; baseline -0.003 -15"><span class='ocrx_word' id='word_1_108' title='bbox 178 1286 208 1332; x_wconf 89' lang='lat' dir='ltr'><strong>et</strong></span> <span class='ocrx_word' id='word_1_109' title='bbox 228 1273 400 1332; x_wconf 87' lang='lat' dir='ltr'><strong>adumbrata</strong></span> <span class='ocrx_word' id='word_1_110' title='bbox 419 1284 580 1331; x_wconf 77' lang='lat' dir='ltr'><strong>servarent.</strong></span> <span class='ocrx_word' id='word_1_111' title='bbox 599 1270 872 1328; x_wconf 75' lang='lat' dir='ltr'><strong>commemorantur</strong></span> <span class='ocrx_word' id='word_1_112' title='bbox 895 1270 959 1327; x_wconf 91' lang='lat' dir='ltr'><strong>col·</strong></span> <span class='ocrx_word' id='word_1_113' title='bbox 1003 1268 1050 1327; x_wconf 88' lang='lat' dir='ltr'><strong>dis</strong></span> <span class='ocrx_word' id='word_1_114' title='bbox 1074 1267 1193 1326; x_wconf 77' lang='lat' dir='ltr'><strong>famosis</strong></span> <span class='ocrx_word' id='word_1_115' title='bbox 1211 1266 1366 1346; x_wconf 88' lang='lat' dir='ltr'><strong>operibus,</strong></span> <span class='ocrx_word' id='word_1_116' title='bbox 1388 1289 1454 1327; x_wconf 81' lang='lat' dir='ltr'><strong>cum</strong></span> <span class='ocrx_word' id='word_1_117' title='bbox 1475 1268 1602 1328; x_wconf 91' lang='lat' dir='ltr'><strong>Lusibus</strong></span> <span class='ocrx_word' id='word_1_118' title='bbox 1622 1268 1780 1347; x_wconf 88' lang='lat' dir='ltr'><strong>Priapeiis,</strong></span> 
     </span>
     <span class='ocr_line' id='line_1_12' title="bbox 179 1354 1782 1439; baseline -0.002 -20"><span class='ocrx_word' id='word_1_119' title='bbox 179 1361 317 1425; x_wconf 88' lang='lat' dir='ltr'><strong>lectiones</strong></span> <span class='ocrx_word' id='word_1_120' title='bbox 340 1360 427 1439; x_wconf 87' lang='lat' dir='ltr'><strong>hujus</strong></span> <span class='ocrx_word' id='word_1_121' title='bbox 463 1358 599 1436; x_wconf 90' lang='lat' dir='ltr'><strong>generis,</strong></span> <span class='ocrx_word' id='word_1_122' title='bbox 631 1356 747 1416; x_wconf 91' lang='lat' dir='ltr'><strong>duobus</strong></span> <span class='ocrx_word' id='word_1_123' title='bbox 767 1370 834 1414; x_wconf 90' lang='lat' dir='ltr'><strong>ante</strong></span> <span class='ocrx_word' id='word_1_124' title='bbox 863 1376 957 1415; x_wconf 74' lang='lat' dir='ltr'><strong>:evum</strong></span> <span class='ocrx_word' id='word_1_125' title='bbox 1003 1368 1031 1414; x_wconf 90' lang='lat' dir='ltr'><strong>et</strong></span> <span class='ocrx_word' id='word_1_126' title='bbox 1044 1354 1147 1435; x_wconf 85' lang='lat' dir='ltr'><strong>paucis</strong></span> <span class='ocrx_word' id='word_1_127' title='bbox 1162 1354 1229 1413; x_wconf 89' lang='lat' dir='ltr'><strong>aliis</strong></span> <span class='ocrx_word' id='word_1_128' title='bbox 1240 1355 1422 1432; x_wconf 87' lang='lat' dir='ltr'><strong>antiquitatis</strong></span> <span class='ocrx_word' id='word_1_129' title='bbox 1436 1355 1565 1433; x_wconf 89' lang='lat' dir='ltr'><strong>ejusdem</strong></span> <span class='ocrx_word' id='word_1_130' title='bbox 1582 1355 1682 1415; x_wconf 82' lang='lat' dir='ltr'><strong>larinae</strong></span> <span class='ocrx_word' id='word_1_131' title='bbox 1697 1356 1782 1415; x_wconf 88' lang='lat' dir='ltr'><strong>libris</strong></span> 
     </span>
     <span class='ocr_line' id='line_1_13' title="bbox 179 1442 1782 1521; baseline -0.001 -16"><span class='ocrx_word' id='word_1_132' title='bbox 179 1460 310 1507; x_wconf 83' lang='lat' dir='ltr'><strong>nostrum</strong></span> <span class='ocrx_word' id='word_1_133' title='bbox 334 1447 479 1506; x_wconf 83' lang='lat' dir='ltr'><strong>saeculisa</strong></span> <span class='ocrx_word' id='word_1_134' title='bbox 499 1444 656 1503; x_wconf 87' lang='lat' dir='ltr'><strong>Polemone</strong></span> <span class='ocrx_word' id='word_1_135' title='bbox 683 1444 876 1514; x_wconf 73' lang='lat' dir='ltr'><strong>concinnata,</strong></span> <span class='ocrx_word' id='word_1_136' title='bbox 899 1456 958 1501; x_wconf 89' lang='lat' dir='ltr'><strong>tum</strong></span> <span class='ocrx_word' id='word_1_137' title='bbox 1004 1442 1248 1521; x_wconf 89' lang='lat' dir='ltr'><strong>comparandum,</strong></span> <span class='ocrx_word' id='word_1_138' title='bbox 1272 1463 1290 1500; x_wconf 87' lang='lat' dir='ltr'><strong>a</strong></span> <span class='ocrx_word' id='word_1_139' title='bbox 1310 1444 1523 1503; x_wconf 87' lang='lat' dir='ltr'><strong>recentioribus</strong></span> <span class='ocrx_word' id='word_1_140' title='bbox 1541 1457 1635 1503; x_wconf 91' lang='lat' dir='ltr'><strong>autem</strong></span> <span class='ocrx_word' id='word_1_141' title='bbox 1656 1457 1685 1501; x_wconf 95' lang='lat' dir='ltr'><strong>et</strong></span> <span class='ocrx_word' id='word_1_142' title='bbox 1705 1444 1782 1503; x_wconf 86' lang='lat' dir='ltr'><strong>cbri-</strong></span> 
     </span>
     <span class='ocr_line' id='line_1_14' title="bbox 180 1528 1781 1611; baseline -0.001 -18"><span class='ocrx_word' id='word_1_143' title='bbox 180 1535 302 1611; x_wconf 83' lang='lat' dir='ltr'><strong>Alcetae,</strong></span> <span class='ocrx_word' id='word_1_144' title='bbox 326 1534 491 1592; x_wconf 88' lang='lat' dir='ltr'><strong>Philochori</strong></span> <span class='ocrx_word' id='word_1_145' title='bbox 516 1544 545 1591; x_wconf 90' lang='lat' dir='ltr'><strong>et</strong></span> <span class='ocrx_word' id='word_1_146' title='bbox 566 1532 712 1603; x_wconf 87' lang='lat' dir='ltr'><strong>aliorum,</strong></span> <span class='ocrx_word' id='word_1_147' title='bbox 734 1550 859 1607; x_wconf 90' lang='lat' dir='ltr'><strong>quarum</strong></span> <span class='ocrx_word' id='word_1_148' title='bbox 879 1530 959 1589; x_wconf 94' lang='lat' dir='ltr'><strong>nulla</strong></span> <span class='ocrx_word' id='word_1_149' title='bbox 1004 1531 1107 1590; x_wconf 89' lang='lat' dir='ltr'><strong>stianis</strong></span> <span class='ocrx_word' id='word_1_150' title='bbox 1130 1528 1299 1588; x_wconf 89' lang='lat' dir='ltr'><strong>bominibus</strong></span> <span class='ocrx_word' id='word_1_151' title='bbox 1325 1529 1411 1606; x_wconf 88' lang='lat' dir='ltr'><strong>longe</strong></span> <span class='ocrx_word' id='word_1_152' title='bbox 1431 1532 1576 1609; x_wconf 84' lang='lat' dir='ltr'><strong>longeque</strong></span> <span class='ocrx_word' id='word_1_153' title='bbox 1603 1546 1781 1611; x_wconf 87' lang='lat' dir='ltr'><strong>superatum,</strong></span> 
     </span>
     <span class='ocr_line' id='line_1_15' title="bbox 179 1615 1783 1699; baseline 0 -19"><span class='ocrx_word' id='word_1_154' title='bbox 179 1635 288 1681; x_wconf 68' lang='lat' dir='ltr'><strong>aetatem</strong></span> <span class='ocrx_word' id='word_1_155' title='bbox 313 1623 397 1694; x_wconf 90' lang='lat' dir='ltr'><strong>tulit,</strong></span> <span class='ocrx_word' id='word_1_156' title='bbox 420 1639 595 1699; x_wconf 87' lang='lat' dir='ltr'><strong>quamquam</strong></span> <span class='ocrx_word' id='word_1_157' title='bbox 616 1620 688 1679; x_wconf 90' lang='lat' dir='ltr'><strong>satis</strong></span> <span class='ocrx_word' id='word_1_158' title='bbox 716 1630 759 1677; x_wconf 90' lang='lat' dir='ltr'><strong>est</strong></span> <span class='ocrx_word' id='word_1_159' title='bbox 783 1615 959 1676; x_wconf 74' lang='lat' dir='ltr'><strong>credibiles</strong></span> <span class='ocrx_word' id='word_1_160' title='bbox 1006 1621 1116 1678; x_wconf 73' lang='grc' dir='ltr'>Μοῦσαν</span> <span class='ocrx_word' id='word_1_161' title='bbox 1141 1615 1267 1688; x_wconf 74' lang='grc' dir='ltr'><strong>παιδικὴν</strong></span> <span class='ocrx_word' id='word_1_162' title='bbox 1297 1619 1449 1697; x_wconf 89' lang='lat' dir='ltr'><strong>inscripsit</strong></span> <span class='ocrx_word' id='word_1_163' title='bbox 1474 1643 1481 1678; x_wconf 73' lang='grc' dir='ltr'>ι</span> <span class='ocrx_word' id='word_1_164' title='bbox 1511 1638 1576 1698; x_wconf 79' lang='lat' dir='ltr'><strong>qua·</strong></span> <span class='ocrx_word' id='word_1_165' title='bbox 1603 1620 1783 1699; x_wconf 84' lang='lat' dir='ltr'><strong>propudiosa</strong></span> 
     </span>
     <span class='ocr_line' id='line_1_16' title="bbox 179 1705 1783 1783; baseline -0.002 -12"><span class='ocrx_word' id='word_1_166' title='bbox 179 1710 342 1771; x_wconf 88' lang='lat' dir='ltr'><strong>serioribus</strong></span> <span class='ocrx_word' id='word_1_167' title='bbox 371 1725 432 1769; x_wconf 91' lang='lat' dir='ltr'><strong>tum</strong></span> <span class='ocrx_word' id='word_1_168' title='bbox 455 1709 605 1768; x_wconf 90' lang='lat' dir='ltr'><strong>historicis</strong></span> <span class='ocrx_word' id='word_1_169' title='bbox 630 1719 689 1765; x_wconf 92' lang='lat' dir='ltr'><strong>tum</strong></span> <span class='ocrx_word' id='word_1_170' title='bbox 719 1705 959 1779; x_wconf 74' lang='lat' dir='ltr'><strong>Anthologiarum</strong></span> <span class='ocrx_word' id='word_1_171' title='bbox 1007 1706 1141 1765; x_wconf 89' lang='lat' dir='ltr'><strong>collectio</strong></span> <span class='ocrx_word' id='word_1_172' title='bbox 1162 1705 1298 1783; x_wconf 86' lang='lat' dir='ltr'><strong>periisset</strong></span> <span class='ocrx_word' id='word_1_173' title='bbox 1323 1707 1382 1765; x_wconf 89' lang='lat' dir='ltr'><strong>nisi</strong></span> <span class='ocrx_word' id='word_1_174' title='bbox 1407 1707 1583 1766; x_wconf 85' lang='lat' dir='ltr'><strong>christianus</strong></span> <span class='ocrx_word' id='word_1_175' title='bbox 1608 1707 1697 1766; x_wconf 89' lang='lat' dir='ltr'><strong>bomo</strong></span> <span class='ocrx_word' id='word_1_176' title='bbox 1721 1710 1783 1782; x_wconf 89' lang='lat' dir='ltr'><strong>ejus</strong></span> 
     </span>
     <span class='ocr_line' id='line_1_17' title="bbox 181 1791 1784 1875; baseline -0.002 -18"><span class='ocrx_word' id='word_1_177' title='bbox 181 1799 381 1858; x_wconf 87' lang='lat' dir='ltr'><strong>conditoribus</strong></span> <span class='ocrx_word' id='word_1_178' title='bbox 406 1809 586 1875; x_wconf 86' lang='lat' dir='ltr'><strong>syntagmata</strong></span> <span class='ocrx_word' id='word_1_179' title='bbox 611 1794 767 1872; x_wconf 88' lang='lat' dir='ltr'><strong>compilata</strong></span> <span class='ocrx_word' id='word_1_180' title='bbox 790 1811 843 1850; x_wconf 90' lang='lat' dir='ltr'><strong>nec</strong></span> <span class='ocrx_word' id='word_1_181' title='bbox 869 1812 960 1870; x_wconf 88' lang='lat' dir='ltr'><strong>pauca</strong></span> <span class='ocrx_word' id='word_1_182' title='bbox 1005 1792 1115 1864; x_wconf 75' lang='lat' dir='ltr'><strong>aetatis,</strong></span> <span class='ocrx_word' id='word_1_183' title='bbox 1140 1811 1226 1869; x_wconf 90' lang='lat' dir='ltr'><strong>quam</strong></span> <span class='ocrx_word' id='word_1_184' title='bbox 1255 1791 1342 1852; x_wconf 89' lang='lat' dir='ltr'><strong>bodie</strong></span> <span class='ocrx_word' id='word_1_185' title='bbox 1369 1795 1504 1853; x_wconf 90' lang='lat' dir='ltr'><strong>nonnulli</strong></span> <span class='ocrx_word' id='word_1_186' title='bbox 1525 1792 1612 1852; x_wconf 91' lang='lat' dir='ltr'><strong>nobis</strong></span> <span class='ocrx_word' id='word_1_187' title='bbox 1635 1806 1784 1871; x_wconf 87' lang='lat' dir='ltr'><strong>tamquam</strong></span> 
     </span>
     <span class='ocr_line' id='line_1_18' title="bbox 180 1879 1783 1961; baseline -0.002 -17"><span class='ocrx_word' id='word_1_188' title='bbox 180 1906 216 1944; x_wconf 84' lang='lat' dir='ltr'><strong>ex</strong></span> <span class='ocrx_word' id='word_1_189' title='bbox 231 1888 279 1955; x_wconf 85' lang='lat' dir='ltr'><strong>iis,</strong></span> <span class='ocrx_word' id='word_1_190' title='bbox 291 1888 411 1944; x_wconf 80' lang='lat' dir='ltr'><strong>fortasse</strong></span> <span class='ocrx_word' id='word_1_191' title='bbox 419 1887 527 1961; x_wconf 87' lang='lat' dir='ltr'><strong>optima</strong></span> <span class='ocrx_word' id='word_1_192' title='bbox 539 1901 661 1960; x_wconf 77' lang='lat' dir='ltr'><strong>quaeque</strong></span> <span class='ocrx_word' id='word_1_193' title='bbox 670 1895 700 1940; x_wconf 88' lang='lat' dir='ltr'><strong>et</strong></span> <span class='ocrx_word' id='word_1_194' title='bbox 710 1879 957 1959; x_wconf 83' lang='lat' dir='ltr'><strong>praestantissima,</strong></span> <span class='ocrx_word' id='word_1_195' title='bbox 1006 1880 1102 1938; x_wconf 92' lang='lat' dir='ltr'><strong>omnis</strong></span> <span class='ocrx_word' id='word_1_196' title='bbox 1111 1880 1287 1957; x_wconf 77' lang='lat' dir='ltr'><strong>incorruptae</strong></span> <span class='ocrx_word' id='word_1_197' title='bbox 1301 1880 1453 1957; x_wconf 88' lang='lat' dir='ltr'><strong>religionis</strong></span> <span class='ocrx_word' id='word_1_198' title='bbox 1466 1880 1563 1940; x_wconf 90' lang='lat' dir='ltr'><strong>sedem</strong></span> <span class='ocrx_word' id='word_1_199' title='bbox 1574 1881 1605 1939; x_wconf 91' lang='lat' dir='ltr'><strong>in</strong></span> <span class='ocrx_word' id='word_1_200' title='bbox 1619 1883 1783 1960; x_wconf 85' lang='lat' dir='ltr'><strong>exemplum</strong></span> 
     </span>
     <span class='ocr_line' id='line_1_19' title="bbox 181 1968 1785 2050; baseline -0.002 -19"><span class='ocrx_word' id='word_1_201' title='bbox 181 1974 216 2031; x_wconf 91' lang='lat' dir='ltr'><strong>ad</strong></span> <span class='ocrx_word' id='word_1_202' title='bbox 227 1993 281 2032; x_wconf 88' lang='lat' dir='ltr'><strong>vos</strong></span> <span class='ocrx_word' id='word_1_203' title='bbox 295 1986 408 2031; x_wconf 86' lang='lat' dir='ltr'><strong>servata</strong></span> <span class='ocrx_word' id='word_1_204' title='bbox 419 1985 447 2031; x_wconf 91' lang='lat' dir='ltr'><strong>et</strong></span> <span class='ocrx_word' id='word_1_205' title='bbox 454 1983 612 2050; x_wconf 89' lang='lat' dir='ltr'><strong>propagata</strong></span> <span class='ocrx_word' id='word_1_206' title='bbox 622 1968 735 2048; x_wconf 52' lang='lat' dir='ltr'><strong>cased).</strong></span> <span class='ocrx_word' id='word_1_207' title='bbox 745 1969 817 2026; x_wconf 90' lang='lat' dir='ltr'><strong>Cum</strong></span> <span class='ocrx_word' id='word_1_208' title='bbox 833 1968 961 2027; x_wconf 82' lang='lat' dir='ltr'><strong>maximo</strong></span> <span class='ocrx_word' id='word_1_209' title='bbox 1006 1980 1193 2046; x_wconf 83' lang='lat' dir='ltr'><strong>proponunt,</strong></span> <span class='ocrx_word' id='word_1_210' title='bbox 1210 1985 1273 2025; x_wconf 92' lang='lat' dir='ltr'><strong>eam</strong></span> <span class='ocrx_word' id='word_1_211' title='bbox 1289 1987 1354 2026; x_wconf 92' lang='lat' dir='ltr'><strong>cum</strong></span> <span class='ocrx_word' id='word_1_212' title='bbox 1369 1968 1520 2027; x_wconf 84' lang='lat' dir='ltr'><strong>christiani</strong></span> <span class='ocrx_word' id='word_1_213' title='bbox 1534 1970 1694 2044; x_wconf 89' lang='lat' dir='ltr'><strong>argumenti</strong></span> <span class='ocrx_word' id='word_1_214' title='bbox 1719 1990 1785 2046; x_wconf 88' lang='lat' dir='ltr'><strong>poe·</strong></span> 
     </span>
     <span class='ocr_line' id='line_1_20' title="bbox 180 2054 1784 2138; baseline -0.001 -22"><span class='ocrx_word' id='word_1_215' title='bbox 180 2062 258 2117; x_wconf 89' lang='lat' dir='ltr'><strong>enim</strong></span> <span class='ocrx_word' id='word_1_216' title='bbox 271 2061 419 2119; x_wconf 90' lang='lat' dir='ltr'><strong>literarum</strong></span> <span class='ocrx_word' id='word_1_217' title='bbox 431 2059 625 2117; x_wconf 88' lang='lat' dir='ltr'><strong>emolumento</strong></span> <span class='ocrx_word' id='word_1_218' title='bbox 640 2058 744 2138; x_wconf 78' lang='lat' dir='ltr'><strong>lactum</strong></span> <span class='ocrx_word' id='word_1_219' title='bbox 756 2069 800 2115; x_wconf 90' lang='lat' dir='ltr'><strong>est</strong></span> <span class='ocrx_word' id='word_1_220' title='bbox 815 2067 847 2113; x_wconf 91' lang='lat' dir='ltr'><strong>ut</strong></span> <span class='ocrx_word' id='word_1_221' title='bbox 856 2055 961 2113; x_wconf 79' lang='lat' dir='ltr'><strong>saeculo</strong></span> <span class='ocrx_word' id='word_1_222' title='bbox 1006 2057 1092 2115; x_wconf 88' lang='lat' dir='ltr'><strong>matis</strong></span> <span class='ocrx_word' id='word_1_223' title='bbox 1105 2054 1288 2133; x_wconf 85' lang='lat' dir='ltr'><strong>conjunctam</strong></span> <span class='ocrx_word' id='word_1_224' title='bbox 1303 2068 1333 2114; x_wconf 89' lang='lat' dir='ltr'><strong>et</strong></span> <span class='ocrx_word' id='word_1_225' title='bbox 1345 2055 1560 2132; x_wconf 90' lang='lat' dir='ltr'><strong>quodammodo</strong></span> <span class='ocrx_word' id='word_1_226' title='bbox 1580 2057 1784 2116; x_wconf 85' lang='lat' dir='ltr'><strong>circumvalla·</strong></span> 
     </span>
     <span class='ocr_line' id='line_1_21' title="bbox 182 2141 1785 2221; baseline 0.001 -19"><span class='ocrx_word' id='word_1_227' title='bbox 182 2147 241 2205; x_wconf 87' lang='lat' dir='ltr'><strong>sere</strong></span> <span class='ocrx_word' id='word_1_228' title='bbox 255 2160 320 2205; x_wconf 90' lang='lat' dir='ltr'><strong>ante</strong></span> <span class='ocrx_word' id='word_1_229' title='bbox 334 2146 480 2205; x_wconf 89' lang='lat' dir='ltr'><strong>Christum</strong></span> <span class='ocrx_word' id='word_1_230' title='bbox 496 2156 593 2202; x_wconf 88' lang='lat' dir='ltr'><strong>natum</strong></span> <span class='ocrx_word' id='word_1_231' title='bbox 606 2141 961 2216; x_wconf 71' lang='lat' dir='ltr'><strong>MatucaaGadarenus,</strong></span> <span class='ocrx_word' id='word_1_232' title='bbox 1006 2157 1063 2202; x_wconf 86' lang='lat' dir='ltr'><strong>tam</strong></span> <span class='ocrx_word' id='word_1_233' title='bbox 1085 2156 1227 2203; x_wconf 82' lang='lat' dir='ltr'><strong>servasset</strong></span> <span class='ocrx_word' id='word_1_234' title='bbox 1247 2142 1290 2221; x_wconf 64' lang='grc' dir='ltr'><strong>(Ἴ.</strong></span> <span class='ocrx_word' id='word_1_235' title='bbox 1314 2143 1469 2203; x_wconf 83' lang='lat' dir='ltr'><strong>Honestius</strong></span> <span class='ocrx_word' id='word_1_236' title='bbox 1491 2144 1643 2203; x_wconf 89' lang='lat' dir='ltr'><strong>consilium</strong></span> <span class='ocrx_word' id='word_1_237' title='bbox 1673 2157 1785 2204; x_wconf 88' lang='lat' dir='ltr'><strong>secutus</strong></span> 
     </span>
     <span class='ocr_line' id='line_1_22' title="bbox 186 2230 1786 2310; baseline 0 -20"><span class='ocrx_word' id='word_1_238' title='bbox 186 2234 228 2291; x_wconf 78' lang='lat' dir='ltr'><strong>rir</strong></span> <span class='ocrx_word' id='word_1_239' title='bbox 242 2234 412 2309; x_wconf 91' lang='lat' dir='ltr'><strong>ingeniosus</strong></span> <span class='ocrx_word' id='word_1_240' title='bbox 426 2252 479 2291; x_wconf 91' lang='lat' dir='ltr'><strong>nec</strong></span> <span class='ocrx_word' id='word_1_241' title='bbox 503 2245 587 2310; x_wconf 89' lang='lat' dir='ltr'><strong>poeta</strong></span> <span class='ocrx_word' id='word_1_242' title='bbox 606 2231 780 2303; x_wconf 87' lang='lat' dir='ltr'><strong>mediocris,</strong></span> <span class='ocrx_word' id='word_1_243' title='bbox 795 2250 832 2289; x_wconf 83' lang='lat' dir='ltr'><strong>ex</strong></span> <span class='ocrx_word' id='word_1_244' title='bbox 845 2231 962 2308; x_wconf 88' lang='lat' dir='ltr'><strong>optimis</strong></span> <span class='ocrx_word' id='word_1_245' title='bbox 1006 2231 1154 2290; x_wconf 78' lang='lat' dir='ltr'><strong>Drocsuas</strong></span> <span class='ocrx_word' id='word_1_246' title='bbox 1185 2237 1344 2308; x_wconf 76' lang='lat' dir='ltr'><strong>Latmus,</strong></span> <span class='ocrx_word' id='word_1_247' title='bbox 1379 2230 1511 2290; x_wconf 79' lang='lat' dir='ltr'><strong>vturum</strong></span> <span class='ocrx_word' id='word_1_248' title='bbox 1543 2230 1786 2309; x_wconf 84' lang='lat' dir='ltr'><strong>philosophorum</strong></span> 
     </span>
     <span class='ocr_line' id='line_1_23' title="bbox 180 2318 1786 2399; baseline -0.001 -21"><span class='ocrx_word' id='word_1_249' title='bbox 180 2322 278 2379; x_wconf 91' lang='lat' dir='ltr'><strong>omnis</strong></span> <span class='ocrx_word' id='word_1_250' title='bbox 292 2324 344 2380; x_wconf 76' lang='lat' dir='ltr'><strong>arvi</strong></span> <span class='ocrx_word' id='word_1_251' title='bbox 357 2322 452 2399; x_wconf 90' lang='lat' dir='ltr'><strong>poetis</strong></span> <span class='ocrx_word' id='word_1_252' title='bbox 460 2321 668 2399; x_wconf 90' lang='lat' dir='ltr'><strong>epigrammata</strong></span> <span class='ocrx_word' id='word_1_253' title='bbox 678 2319 818 2395; x_wconf 88' lang='lat' dir='ltr'><strong>deligeret</strong></span> <span class='ocrx_word' id='word_1_254' title='bbox 832 2331 918 2395; x_wconf 86' lang='lat' dir='ltr'><strong>atque</strong></span> <span class='ocrx_word' id='word_1_255' title='bbox 930 2319 962 2377; x_wconf 93' lang='lat' dir='ltr'><strong>in</strong></span> <span class='ocrx_word' id='word_1_256' title='bbox 1007 2321 1143 2397; x_wconf 88' lang='lat' dir='ltr'><strong>scriptor,</strong></span> <span class='ocrx_word' id='word_1_257' title='bbox 1167 2337 1201 2377; x_wconf 89' lang='lat' dir='ltr'><strong>ea</strong></span> <span class='ocrx_word' id='word_1_258' title='bbox 1219 2318 1404 2397; x_wconf 90' lang='lat' dir='ltr'><strong>potissimum</strong></span> <span class='ocrx_word' id='word_1_259' title='bbox 1426 2321 1649 2396; x_wconf 87' lang='lat' dir='ltr'><strong>epigrammata,</strong></span> <span class='ocrx_word' id='word_1_260' title='bbox 1671 2337 1735 2395; x_wconf 80' lang='lat' dir='ltr'><strong>quae</strong></span> <span class='ocrx_word' id='word_1_261' title='bbox 1750 2319 1786 2377; x_wconf 88' lang='lat' dir='ltr'><strong>ad</strong></span> 
     </span>
     <span class='ocr_line' id='line_1_24' title="bbox 182 2404 1786 2488; baseline 0.002 -24"><span class='ocrx_word' id='word_1_262' title='bbox 182 2426 271 2466; x_wconf 89' lang='lat' dir='ltr'><strong>unum</strong></span> <span class='ocrx_word' id='word_1_263' title='bbox 286 2429 393 2488; x_wconf 89' lang='lat' dir='ltr'><strong>corpus</strong></span> <span class='ocrx_word' id='word_1_264' title='bbox 410 2408 563 2483; x_wconf 87' lang='lat' dir='ltr'><strong>conflaret,</strong></span> <span class='ocrx_word' id='word_1_265' title='bbox 577 2408 624 2467; x_wconf 92' lang='lat' dir='ltr'><strong>cui</strong></span> <span class='ocrx_word' id='word_1_266' title='bbox 636 2406 762 2488; x_wconf 77' lang='grc' dir='ltr'>στεφάνου</span> <span class='ocrx_word' id='word_1_267' title='bbox 776 2407 838 2466; x_wconf 92' lang='lat' dir='ltr'><strong>sive</strong></span> <span class='ocrx_word' id='word_1_268' title='bbox 851 2427 963 2464; x_wconf 72' lang='lat' dir='ltr'><strong>corona·</strong></span> <span class='ocrx_word' id='word_1_269' title='bbox 1007 2404 1199 2484; x_wconf 83' lang='lat' dir='ltr'><strong>philosophos</strong></span> <span class='ocrx_word' id='word_1_270' title='bbox 1213 2418 1392 2486; x_wconf 86' lang='lat' dir='ltr'><strong>spectarent,</strong></span> <span class='ocrx_word' id='word_1_271' title='bbox 1412 2407 1527 2483; x_wconf 86' lang='lat' dir='ltr'><strong>collegit</strong></span> <span class='ocrx_word' id='word_1_272' title='bbox 1546 2406 1622 2464; x_wconf 80' lang='lat' dir='ltr'><strong>et‘in</strong></span> <span class='ocrx_word' id='word_1_273' title='bbox 1644 2407 1786 2485; x_wconf 87' lang='lat' dir='ltr'><strong>peculiari</strong></span> 
     </span>
     <span class='ocr_line' id='line_1_25' title="bbox 182 2493 1788 2572; baseline 0.002 -21"><span class='ocrx_word' id='word_1_274' title='bbox 182 2496 298 2554; x_wconf 90' lang='lat' dir='ltr'><strong>titulum</strong></span> <span class='ocrx_word' id='word_1_275' title='bbox 314 2498 389 2557; x_wconf 87' lang='lat' dir='ltr'><strong>lecit.</strong></span> <span class='ocrx_word' id='word_1_276' title='bbox 403 2497 463 2555; x_wconf 86' lang='lat' dir='ltr'><strong>lloc</strong></span> <span class='ocrx_word' id='word_1_277' title='bbox 479 2496 619 2571; x_wconf 89' lang='lat' dir='ltr'><strong>elegantis</strong></span> <span class='ocrx_word' id='word_1_278' title='bbox 632 2495 783 2553; x_wconf 79' lang='lat' dir='ltr'><strong>industriae</strong></span> <span class='ocrx_word' id='word_1_279' title='bbox 795 2493 960 2571; x_wconf 80' lang='lat' dir='ltr'><strong>exemplum</strong></span> <span class='ocrx_word' id='word_1_280' title='bbox 1008 2494 1086 2553; x_wconf 89' lang='lat' dir='ltr'><strong>libro</strong></span> <span class='ocrx_word' id='word_1_281' title='bbox 1110 2493 1253 2556; x_wconf 88' lang='lat' dir='ltr'><strong>condidit.</strong></span> <span class='ocrx_word' id='word_1_282' title='bbox 1279 2495 1322 2552; x_wconf 82' lang='lat' dir='ltr'><strong>De</strong></span> <span class='ocrx_word' id='word_1_283' title='bbox 1337 2513 1395 2571; x_wconf 90' lang='lat' dir='ltr'><strong>qua</strong></span> <span class='ocrx_word' id='word_1_284' title='bbox 1418 2494 1590 2552; x_wconf 90' lang='lat' dir='ltr'><strong>collectione</strong></span> <span class='ocrx_word' id='word_1_285' title='bbox 1605 2495 1630 2552; x_wconf 90' lang='lat' dir='ltr'><strong>si</strong></span> <span class='ocrx_word' id='word_1_286' title='bbox 1653 2494 1788 2572; x_wconf 89' lang='lat' dir='ltr'><strong>judicare</strong></span> 
     </span>
     <span class='ocr_line' id='line_1_26' title="bbox 181 2579 1785 2663; baseline 0.001 -23"><span class='ocrx_word' id='word_1_287' title='bbox 181 2597 297 2642; x_wconf 89' lang='lat' dir='ltr'><strong>centum</strong></span> <span class='ocrx_word' id='word_1_288' title='bbox 312 2586 396 2644; x_wconf 84' lang='lat' dir='ltr'><strong>annis</strong></span> <span class='ocrx_word' id='word_1_289' title='bbox 411 2597 478 2663; x_wconf 89' lang='lat' dir='ltr'><strong>post</strong></span> <span class='ocrx_word' id='word_1_290' title='bbox 494 2584 624 2642; x_wconf 91' lang='lat' dir='ltr'><strong>imitatus</strong></span> <span class='ocrx_word' id='word_1_291' title='bbox 643 2596 686 2641; x_wconf 91' lang='lat' dir='ltr'><strong>est</strong></span> <span class='ocrx_word' id='word_1_292' title='bbox 701 2582 857 2640; x_wconf 79' lang='lat' dir='ltr'><strong>Pururrrus</strong></span> <span class='ocrx_word' id='word_1_293' title='bbox 868 2581 961 2640; x_wconf 84' lang='lat' dir='ltr'><strong>Thes·</strong></span> <span class='ocrx_word' id='word_1_294' title='bbox 1011 2582 1079 2640; x_wconf 90' lang='lat' dir='ltr'><strong>licet</strong></span> <span class='ocrx_word' id='word_1_295' title='bbox 1091 2601 1128 2640; x_wconf 84' lang='lat' dir='ltr'><strong>ert</strong></span> <span class='ocrx_word' id='word_1_296' title='bbox 1141 2584 1181 2640; x_wconf 89' lang='lat' dir='ltr'><strong>iis</strong></span> <span class='ocrx_word' id='word_1_297' title='bbox 1194 2601 1260 2659; x_wconf 75' lang='lat' dir='ltr'><strong>quar</strong></span> <span class='ocrx_word' id='word_1_298' title='bbox 1274 2582 1417 2657; x_wconf 88' lang='lat' dir='ltr'><strong>Diogenes</strong></span> <span class='ocrx_word' id='word_1_299' title='bbox 1431 2580 1499 2638; x_wconf 92' lang='lat' dir='ltr'><strong>inde</strong></span> <span class='ocrx_word' id='word_1_300' title='bbox 1509 2579 1625 2638; x_wconf 87' lang='lat' dir='ltr'><strong>in&#39;llitis</strong></span> <span class='ocrx_word' id='word_1_301' title='bbox 1638 2583 1785 2656; x_wconf 83' lang='lat' dir='ltr'><strong>excitarit,</strong></span> 
     </span>
     <span class='ocr_line' id='line_1_27' title="bbox 181 2665 1787 2750; baseline -0.001 -20"><span class='ocrx_word' id='word_1_302' title='bbox 181 2671 388 2745; x_wconf 89' lang='lat' dir='ltr'><strong>salonicensis,</strong></span> <span class='ocrx_word' id='word_1_303' title='bbox 411 2673 462 2750; x_wconf 88' lang='lat' dir='ltr'><strong>qui</strong></span> <span class='ocrx_word' id='word_1_304' title='bbox 489 2672 600 2747; x_wconf 88' lang='lat' dir='ltr'><strong>etipse</strong></span> <span class='ocrx_word' id='word_1_305' title='bbox 617 2688 647 2727; x_wconf 91' lang='lat' dir='ltr'><strong>se</strong></span> <span class='ocrx_word' id='word_1_306' title='bbox 672 2671 703 2726; x_wconf 93' lang='lat' dir='ltr'><strong>in</strong></span> <span class='ocrx_word' id='word_1_307' title='bbox 725 2669 962 2746; x_wconf 89' lang='lat' dir='ltr'><strong>epigrammatico</strong></span> <span class='ocrx_word' id='word_1_308' title='bbox 1008 2669 1095 2746; x_wconf 82' lang='lat' dir='ltr'><strong>longe</strong></span> <span class='ocrx_word' id='word_1_309' title='bbox 1119 2669 1246 2728; x_wconf 81' lang='lat' dir='ltr'><strong>maxima</strong></span> <span class='ocrx_word' id='word_1_310' title='bbox 1266 2687 1334 2746; x_wconf 88' lang='lat' dir='ltr'><strong>pars</strong></span> <span class='ocrx_word' id='word_1_311' title='bbox 1357 2666 1422 2744; x_wconf 90' lang='lat' dir='ltr'><strong>ejus</strong></span> <span class='ocrx_word' id='word_1_312' title='bbox 1442 2665 1648 2725; x_wconf 88' lang='lat' dir='ltr'><strong>continebatur</strong></span> <span class='ocrx_word' id='word_1_313' title='bbox 1679 2670 1787 2748; x_wconf 88' lang='lat' dir='ltr'><strong>ineptis</strong></span> 
     </span>
     <span class='ocr_line' id='line_1_28' title="bbox 183 2754 1788 2835; baseline -0.002 -16"><span class='ocrx_word' id='word_1_314' title='bbox 183 2777 288 2835; x_wconf 88' lang='lat' dir='ltr'><strong>genere</strong></span> <span class='ocrx_word' id='word_1_315' title='bbox 311 2780 377 2818; x_wconf 92' lang='lat' dir='ltr'><strong>cum</strong></span> <span class='ocrx_word' id='word_1_316' title='bbox 404 2759 490 2818; x_wconf 88' lang='lat' dir='ltr'><strong>laude</strong></span> <span class='ocrx_word' id='word_1_317' title='bbox 510 2757 657 2826; x_wconf 78' lang='lat' dir='ltr'><strong>exercuit,</strong></span> <span class='ocrx_word' id='word_1_318' title='bbox 682 2774 788 2813; x_wconf 84' lang='lat' dir='ltr'><strong>noram</strong></span> <span class='ocrx_word' id='word_1_319' title='bbox 813 2775 850 2814; x_wconf 80' lang='lat' dir='ltr'><strong>ex</strong></span> <span class='ocrx_word' id='word_1_320' title='bbox 867 2756 962 2834; x_wconf 90' lang='lat' dir='ltr'><strong>poetis</strong></span> <span class='ocrx_word' id='word_1_321' title='bbox 1008 2769 1037 2814; x_wconf 89' lang='lat' dir='ltr'><strong>et</strong></span> <span class='ocrx_word' id='word_1_322' title='bbox 1048 2756 1160 2834; x_wconf 87' lang='lat' dir='ltr'><strong>jejunis</strong></span> <span class='ocrx_word' id='word_1_323' title='bbox 1182 2756 1276 2834; x_wconf 91' lang='lat' dir='ltr'><strong>ipsius</strong></span> <span class='ocrx_word' id='word_1_324' title='bbox 1291 2754 1491 2832; x_wconf 89' lang='lat' dir='ltr'><strong>compilatoris</strong></span> <span class='ocrx_word' id='word_1_325' title='bbox 1513 2756 1684 2834; x_wconf 87' lang='lat' dir='ltr'><strong>poematiis,</strong></span> <span class='ocrx_word' id='word_1_326' title='bbox 1703 2760 1788 2816; x_wconf 81' lang='lat' dir='ltr'><strong>vario</strong></span> 
     </span>
     <span class='ocr_line' id='line_1_29' title="bbox 184 2839 1787 2925; baseline 0.001 -21"><span class='ocrx_word' id='word_1_327' title='bbox 184 2845 235 2923; x_wconf 93' lang='lat' dir='ltr'><strong>qui</strong></span> <span class='ocrx_word' id='word_1_328' title='bbox 264 2860 330 2925; x_wconf 92' lang='lat' dir='ltr'><strong>post</strong></span> <span class='ocrx_word' id='word_1_329' title='bbox 359 2847 533 2922; x_wconf 84' lang='lat' dir='ltr'><strong>Meleagrum</strong></span> <span class='ocrx_word' id='word_1_330' title='bbox 557 2842 773 2921; x_wconf 88' lang='lat' dir='ltr'><strong>epigrammatis</strong></span> <span class='ocrx_word' id='word_1_331' title='bbox 801 2839 963 2899; x_wconf 89' lang='lat' dir='ltr'><strong>scribendis</strong></span> <span class='ocrx_word' id='word_1_332' title='bbox 1009 2857 1168 2903; x_wconf 87' lang='lat' dir='ltr'><strong>metrorum</strong></span> <span class='ocrx_word' id='word_1_333' title='bbox 1187 2860 1292 2919; x_wconf 88' lang='lat' dir='ltr'><strong>genere</strong></span> <span class='ocrx_word' id='word_1_334' title='bbox 1307 2842 1500 2920; x_wconf 88' lang='lat' dir='ltr'><strong>conscriptis,</strong></span> <span class='ocrx_word' id='word_1_335' title='bbox 1516 2842 1594 2901; x_wconf 91' lang='lat' dir='ltr'><strong>unde</strong></span> <span class='ocrx_word' id='word_1_336' title='bbox 1609 2856 1700 2903; x_wconf 91' lang='lat' dir='ltr'><strong>totum</strong></span> <span class='ocrx_word' id='word_1_337' title='bbox 1714 2846 1787 2905; x_wconf 90' lang='lat' dir='ltr'><strong>illud</strong></span> 
     </span>
     <span class='ocr_line' id='line_1_30' title="bbox 185 2927 1682 3011; baseline 0.004 -21"><span class='ocrx_word' id='word_1_338' title='bbox 185 2953 301 3011; x_wconf 90' lang='lat' dir='ltr'><strong>operam</strong></span> <span class='ocrx_word' id='word_1_339' title='bbox 325 2947 520 3004; x_wconf 83' lang='lat' dir='ltr'><strong>navaverunt,</strong></span> <span class='ocrx_word' id='word_1_340' title='bbox 541 2951 669 2988; x_wconf 78' lang='lat' dir='ltr'><strong>coronam</strong></span> <span class='ocrx_word' id='word_1_341' title='bbox 694 2942 857 2990; x_wconf 85' lang='lat' dir='ltr'><strong>contexens.</strong></span> <span class='ocrx_word' id='word_1_342' title='bbox 880 2927 962 2987; x_wconf 89' lang='lat' dir='ltr'><strong>Uter·</strong></span> <span class='ocrx_word' id='word_1_343' title='bbox 1008 2945 1159 3009; x_wconf 72' lang='lat' dir='ltr'><strong>syntagma</strong></span> <span class='ocrx_word' id='word_1_344' title='bbox 1172 2930 1335 3010; x_wconf 76' lang='lat' dir='ltr'><strong>[lappirpou</strong></span> <span class='ocrx_word' id='word_1_345' title='bbox 1351 2931 1436 2989; x_wconf 93' lang='lat' dir='ltr'><strong>titulo</strong></span> <span class='ocrx_word' id='word_1_346' title='bbox 1451 2931 1600 3009; x_wconf 84' lang='lat' dir='ltr'><strong>inscripsit</strong></span> <span class='ocrx_word' id='word_1_347' title='bbox 1616 2934 1682 3011; x_wconf 68' lang='lat'><strong>(⁴⁴).</strong></span> 
     </span>
     <span class='ocr_line' id='line_1_31' title="bbox 182 3015 1788 3097; baseline 0.001 -19"><span class='ocrx_word' id='word_1_348' title='bbox 182 3040 241 3097; x_wconf 87' lang='lat' dir='ltr'><strong>que</strong></span> <span class='ocrx_word' id='word_1_349' title='bbox 255 3021 464 3097; x_wconf 87' lang='lat' dir='ltr'><strong>epigrammata</strong></span> <span class='ocrx_word' id='word_1_350' title='bbox 477 3017 508 3076; x_wconf 92' lang='lat' dir='ltr'><strong>in</strong></span> <span class='ocrx_word' id='word_1_351' title='bbox 523 3016 654 3075; x_wconf 88' lang='lat' dir='ltr'><strong>ordinem</strong></span> <span class='ocrx_word' id='word_1_352' title='bbox 670 3027 785 3093; x_wconf 89' lang='lat' dir='ltr'><strong>recepta</strong></span> <span class='ocrx_word' id='word_1_353' title='bbox 805 3015 962 3074; x_wconf 90' lang='lat' dir='ltr'><strong>secundum</strong></span> <span class='ocrx_word' id='word_1_354' title='bbox 1050 3018 1197 3077; x_wconf 80' lang='lat' dir='ltr'><strong>Proximis</strong></span> <span class='ocrx_word' id='word_1_355' title='bbox 1208 3017 1323 3077; x_wconf 85' lang='lat' dir='ltr'><strong>saeculis</strong></span> <span class='ocrx_word' id='word_1_356' title='bbox 1338 3016 1378 3075; x_wconf 91' lang='lat' dir='ltr'><strong>ob</strong></span> <span class='ocrx_word' id='word_1_357' title='bbox 1398 3018 1533 3078; x_wconf 89' lang='lat' dir='ltr'><strong>miseram</strong></span> <span class='ocrx_word' id='word_1_358' title='bbox 1553 3020 1673 3080; x_wconf 77' lang='lat' dir='ltr'><strong>Graeciae</strong></span> <span class='ocrx_word' id='word_1_359' title='bbox 1687 3020 1788 3080; x_wconf 86' lang='lat' dir='ltr'><strong>condi·</strong></span> 
     </span>
     <span class='ocr_line' id='line_1_32' title="bbox 136 3102 1787 3185; baseline 0 -19"><span class='ocrx_word' id='word_1_360' title='bbox 136 3169 137 3172; x_wconf 60' lang='grc'>,</span> <span class='ocrx_word' id='word_1_361' title='bbox 184 3107 269 3166; x_wconf 86' lang='lat' dir='ltr'><strong>initia</strong></span> <span class='ocrx_word' id='word_1_362' title='bbox 283 3107 443 3185; x_wconf 89' lang='lat' dir='ltr'><strong>disposuit,</strong></span> <span class='ocrx_word' id='word_1_363' title='bbox 458 3107 497 3164; x_wconf 88' lang='lat' dir='ltr'><strong>ita</strong></span> <span class='ocrx_word' id='word_1_364' title='bbox 511 3120 543 3164; x_wconf 89' lang='lat' dir='ltr'><strong>ut</strong></span> <span class='ocrx_word' id='word_1_365' title='bbox 557 3106 704 3164; x_wconf 89' lang='lat' dir='ltr'><strong>literarum</strong></span> <span class='ocrx_word' id='word_1_366' title='bbox 718 3102 849 3161; x_wconf 91' lang='lat' dir='ltr'><strong>ordinem</strong></span> <span class='ocrx_word' id='word_1_367' title='bbox 861 3120 962 3179; x_wconf 84' lang='lat' dir='ltr'><strong>seque·</strong></span> <span class='ocrx_word' id='word_1_368' title='bbox 1010 3105 1117 3164; x_wconf 81' lang='lat' dir='ltr'><strong>tionem</strong></span> <span class='ocrx_word' id='word_1_369' title='bbox 1133 3108 1263 3184; x_wconf 85' lang='lat' dir='ltr'><strong>aliasque</strong></span> <span class='ocrx_word' id='word_1_370' title='bbox 1275 3105 1313 3164; x_wconf 91' lang='lat' dir='ltr'><strong>ob</strong></span> <span class='ocrx_word' id='word_1_371' title='bbox 1328 3125 1443 3178; x_wconf 89' lang='lat' dir='ltr'><strong>causas,</strong></span> <span class='ocrx_word' id='word_1_372' title='bbox 1459 3126 1532 3183; x_wconf 88' lang='lat' dir='ltr'><strong>quas</strong></span> <span class='ocrx_word' id='word_1_373' title='bbox 1545 3105 1597 3165; x_wconf 88' lang='lat' dir='ltr'><strong>hic</strong></span> <span class='ocrx_word' id='word_1_374' title='bbox 1614 3126 1787 3166; x_wconf 91' lang='lat' dir='ltr'><strong>commemo·</strong></span> 
     </span>
     <span class='ocr_line' id='line_1_33' title="bbox 186 3191 1787 3274; baseline 0.001 -22"><span class='ocrx_word' id='word_1_375' title='bbox 186 3207 276 3266; x_wconf 90' lang='lat' dir='ltr'><strong>retur,</strong></span> <span class='ocrx_word' id='word_1_376' title='bbox 299 3194 384 3271; x_wconf 88' lang='lat' dir='ltr'><strong>cujus</strong></span> <span class='ocrx_word' id='word_1_377' title='bbox 398 3193 510 3253; x_wconf 90' lang='lat' dir='ltr'><strong>ordinis</strong></span> <span class='ocrx_word' id='word_1_378' title='bbox 529 3192 683 3251; x_wconf 82' lang='lat' dir='ltr'><strong>manifesta</strong></span> <span class='ocrx_word' id='word_1_379' title='bbox 702 3201 858 3270; x_wconf 90' lang='lat' dir='ltr'><strong>supersunt</strong></span> <span class='ocrx_word' id='word_1_380' title='bbox 872 3191 963 3247; x_wconf 83' lang='lat' dir='ltr'><strong>vesti·</strong></span> <span class='ocrx_word' id='word_1_381' title='bbox 1009 3206 1075 3251; x_wconf 87' lang='lat' dir='ltr'><strong>rare</strong></span> <span class='ocrx_word' id='word_1_382' title='bbox 1096 3193 1169 3252; x_wconf 89' lang='lat' dir='ltr'><strong>nihil</strong></span> <span class='ocrx_word' id='word_1_383' title='bbox 1194 3194 1313 3265; x_wconf 90' lang='lat' dir='ltr'><strong>attinet,</strong></span> <span class='ocrx_word' id='word_1_384' title='bbox 1347 3194 1474 3253; x_wconf 91' lang='lat' dir='ltr'><strong>studium</strong></span> <span class='ocrx_word' id='word_1_385' title='bbox 1508 3213 1628 3274; x_wconf 87' lang='lat' dir='ltr'><strong>poeseos</strong></span> <span class='ocrx_word' id='word_1_386' title='bbox 1654 3193 1787 3268; x_wconf 78' lang='lat' dir='ltr'><strong>refrixit,</strong></span> 
     </span>
     <span class='ocr_line' id='line_1_34' title="bbox 185 3280 1796 3360; baseline 0.003 -24"><span class='ocrx_word' id='word_1_387' title='bbox 185 3283 242 3356; x_wconf 90' lang='lat' dir='ltr'><strong>gia.</strong></span> <span class='ocrx_word' id='word_1_388' title='bbox 286 3283 330 3339; x_wconf 77' lang='lat' dir='ltr'><strong>bn</strong></span> <span class='ocrx_word' id='word_1_389' title='bbox 347 3283 486 3358; x_wconf 90' lang='lat' dir='ltr'><strong>temporis</strong></span> <span class='ocrx_word' id='word_1_390' title='bbox 502 3297 619 3357; x_wconf 90' lang='lat' dir='ltr'><strong>quoque</strong></span> <span class='ocrx_word' id='word_1_391' title='bbox 632 3293 661 3337; x_wconf 89' lang='lat' dir='ltr'><strong>et</strong></span> <span class='ocrx_word' id='word_1_392' title='bbox 683 3280 774 3338; x_wconf 88' lang='lat' dir='ltr'><strong>aetatis</strong></span> <span class='ocrx_word' id='word_1_393' title='bbox 794 3289 943 3356; x_wconf 88' lang='lat' dir='ltr'><strong>poetarum</strong></span> <span class='ocrx_word' id='word_1_394' title='bbox 954 3320 962 3353; x_wconf 90' lang='lat'><strong>,</strong></span> <span class='ocrx_word' id='word_1_395' title='bbox 1009 3281 1102 3340; x_wconf 85' lang='lat' dir='ltr'><strong>donec</strong></span> <span class='ocrx_word' id='word_1_396' title='bbox 1116 3281 1234 3359; x_wconf 90' lang='lat' dir='ltr'><strong>imperii</strong></span> <span class='ocrx_word' id='word_1_397' title='bbox 1258 3281 1326 3340; x_wconf 87' lang='lat' dir='ltr'><strong>sede</strong></span> <span class='ocrx_word' id='word_1_398' title='bbox 1348 3283 1520 3360; x_wconf 85' lang='lat' dir='ltr'><strong>Byzantium</strong></span> <span class='ocrx_word' id='word_1_399' title='bbox 1541 3282 1690 3353; x_wconf 87' lang='lat' dir='ltr'><strong>translata,</strong></span> <span class='ocrx_word' id='word_1_400' title='bbox 1708 3281 1796 3341; x_wconf 73' lang='lat' dir='ltr'><strong>(irar-=</strong></span> 
     </span>
     <span class='ocr_line' id='line_1_35' title="bbox 185 3365 1790 3451; baseline 0.002 -27"><span class='ocrx_word' id='word_1_401' title='bbox 185 3381 234 3425; x_wconf 86' lang='lat' dir='ltr'><strong>aut</strong></span> <span class='ocrx_word' id='word_1_402' title='bbox 258 3381 494 3445; x_wconf 89' lang='lat' dir='ltr'><strong>argumentorum</strong></span> <span class='ocrx_word' id='word_1_403' title='bbox 520 3367 723 3426; x_wconf 89' lang='lat' dir='ltr'><strong>similitudinis</strong></span> <span class='ocrx_word' id='word_1_404' title='bbox 747 3365 846 3424; x_wconf 88' lang='lat' dir='ltr'><strong>habita</strong></span> <span class='ocrx_word' id='word_1_405' title='bbox 870 3366 908 3425; x_wconf 88' lang='lat' dir='ltr'><strong>sit</strong></span> <span class='ocrx_word' id='word_1_406' title='bbox 933 3366 963 3423; x_wconf 94' lang='lat' dir='ltr'><strong>in</strong></span> <span class='ocrx_word' id='word_1_407' title='bbox 1009 3369 1109 3445; x_wconf 89' lang='lat' dir='ltr'><strong>cisque</strong></span> <span class='ocrx_word' id='word_1_408' title='bbox 1122 3368 1216 3429; x_wconf 91' lang='lat' dir='ltr'><strong>literis</strong></span> <span class='ocrx_word' id='word_1_409' title='bbox 1233 3382 1293 3428; x_wconf 91' lang='lat' dir='ltr'><strong>tum</strong></span> <span class='ocrx_word' id='word_1_410' title='bbox 1317 3371 1348 3429; x_wconf 91' lang='lat' dir='ltr'><strong>in</strong></span> <span class='ocrx_word' id='word_1_411' title='bbox 1363 3370 1573 3451; x_wconf 87' lang='lat' dir='ltr'><strong>lmperatorum</strong></span> <span class='ocrx_word' id='word_1_412' title='bbox 1587 3371 1664 3447; x_wconf 90' lang='lat' dir='ltr'><strong>aula,</strong></span> <span class='ocrx_word' id='word_1_413' title='bbox 1680 3384 1740 3429; x_wconf 88' lang='lat' dir='ltr'><strong>tum</strong></span> <span class='ocrx_word' id='word_1_414' title='bbox 1759 3371 1790 3428; x_wconf 92' lang='lat' dir='ltr'><strong>in</strong></span> 
     </span>
     <span class='ocr_line' id='line_1_36' title="bbox 185 3454 1790 3537; baseline 0.002 -24"><span class='ocrx_word' id='word_1_415' title='bbox 185 3454 368 3534; x_wconf 90' lang='lat' dir='ltr'><strong>disponendo</strong></span> <span class='ocrx_word' id='word_1_416' title='bbox 382 3457 477 3529; x_wconf 89' lang='lat' dir='ltr'><strong>ratio,</strong></span> <span class='ocrx_word' id='word_1_417' title='bbox 493 3476 571 3515; x_wconf 89' lang='lat' dir='ltr'><strong>nunc</strong></span> <span class='ocrx_word' id='word_1_418' title='bbox 585 3454 702 3532; x_wconf 89' lang='lat' dir='ltr'><strong>quidem</strong></span> <span class='ocrx_word' id='word_1_419' title='bbox 718 3456 898 3530; x_wconf 88' lang='lat' dir='ltr'><strong>ignoramus,</strong></span> <span class='ocrx_word' id='word_1_420' title='bbox 913 3471 962 3511; x_wconf 89' lang='lat' dir='ltr'><strong>ne·</strong></span> <span class='ocrx_word' id='word_1_421' title='bbox 1011 3455 1078 3514; x_wconf 89' lang='lat' dir='ltr'><strong>aliis</strong></span> <span class='ocrx_word' id='word_1_422' title='bbox 1090 3456 1177 3515; x_wconf 89' lang='lat' dir='ltr'><strong>etiam</strong></span> <span class='ocrx_word' id='word_1_423' title='bbox 1199 3458 1283 3519; x_wconf 88' lang='lat' dir='ltr'><strong>orbis</strong></span> <span class='ocrx_word' id='word_1_424' title='bbox 1307 3458 1432 3518; x_wconf 85' lang='lat' dir='ltr'><strong>Romani</strong></span> <span class='ocrx_word' id='word_1_425' title='bbox 1446 3459 1580 3537; x_wconf 90' lang='lat' dir='ltr'><strong>partibus</strong></span> <span class='ocrx_word' id='word_1_426' title='bbox 1601 3478 1678 3517; x_wconf 87' lang='lat' dir='ltr'><strong>noro</strong></span> <span class='ocrx_word' id='word_1_427' title='bbox 1693 3462 1790 3535; x_wconf 92' lang='lat' dir='ltr'><strong>splen·</strong></span> 
     </span>
     <span class='ocr_line' id='line_1_37' title="bbox 187 3541 1790 3624; baseline -0.001 -23"><span class='ocrx_word' id='word_1_428' title='bbox 187 3562 243 3620; x_wconf 91' lang='lat' dir='ltr'><strong>que</strong></span> <span class='ocrx_word' id='word_1_429' title='bbox 258 3558 352 3604; x_wconf 84' lang='lat' dir='ltr'><strong>tamen</strong></span> <span class='ocrx_word' id='word_1_430' title='bbox 375 3543 527 3624; x_wconf 88' lang='lat' dir='ltr'><strong>probabile</strong></span> <span class='ocrx_word' id='word_1_431' title='bbox 544 3557 588 3604; x_wconf 92' lang='lat' dir='ltr'><strong>est</strong></span> <span class='ocrx_word' id='word_1_432' title='bbox 604 3543 664 3623; x_wconf 64' lang='grc' dir='ltr'><strong>[Ἴ.</strong></span> <span class='ocrx_word' id='word_1_433' title='bbox 693 3543 826 3602; x_wconf 88' lang='lat' dir='ltr'><strong>Ceterum</strong></span> <span class='ocrx_word' id='word_1_434' title='bbox 842 3554 965 3617; x_wconf 87' lang='lat' dir='ltr'><strong>uterque</strong></span> <span class='ocrx_word' id='word_1_435' title='bbox 1011 3541 1082 3603; x_wconf 90' lang='lat' dir='ltr'><strong>dore</strong></span> <span class='ocrx_word' id='word_1_436' title='bbox 1094 3546 1287 3618; x_wconf 88' lang='lat' dir='ltr'><strong>collustratis,</strong></span> <span class='ocrx_word' id='word_1_437' title='bbox 1301 3545 1391 3604; x_wconf 82' lang='lat' dir='ltr'><strong>lllusae</strong></span> <span class='ocrx_word' id='word_1_438' title='bbox 1403 3564 1519 3622; x_wconf 88' lang='lat' dir='ltr'><strong>quoquc</strong></span> <span class='ocrx_word' id='word_1_439' title='bbox 1539 3563 1575 3601; x_wconf 85' lang='lat' dir='ltr'><strong>ex</strong></span> <span class='ocrx_word' id='word_1_440' title='bbox 1588 3544 1647 3601; x_wconf 84' lang='lat' dir='ltr'><strong>alto</strong></span> <span class='ocrx_word' id='word_1_441' title='bbox 1667 3542 1790 3600; x_wconf 90' lang='lat' dir='ltr'><strong>duorum</strong></span> 
     </span>
     <span class='ocr_line' id='line_1_38' title="bbox 187 3629 1787 3710; baseline -0.003 -18"><span class='ocrx_word' id='word_1_442' title='bbox 187 3633 382 3692; x_wconf 87' lang='lat' dir='ltr'><strong>collectionem</strong></span> <span class='ocrx_word' id='word_1_443' title='bbox 400 3653 480 3691; x_wconf 89' lang='lat' dir='ltr'><strong>suam</strong></span> <span class='ocrx_word' id='word_1_444' title='bbox 502 3634 666 3710; x_wconf 88' lang='lat' dir='ltr'><strong>auspicatus</strong></span> <span class='ocrx_word' id='word_1_445' title='bbox 687 3642 730 3688; x_wconf 90' lang='lat' dir='ltr'><strong>est</strong></span> <span class='ocrx_word' id='word_1_446' title='bbox 753 3629 916 3707; x_wconf 91' lang='lat' dir='ltr'><strong>prooemio,</strong></span> <span class='ocrx_word' id='word_1_447' title='bbox 933 3629 963 3685; x_wconf 90' lang='lat' dir='ltr'><strong>in</strong></span> <span class='ocrx_word' id='word_1_448' title='bbox 1009 3632 1070 3689; x_wconf 82' lang='lat' dir='ltr'><strong>fere</strong></span> <span class='ocrx_word' id='word_1_449' title='bbox 1104 3632 1275 3692; x_wconf 74' lang='lat' dir='ltr'><strong>saeculorum</strong></span> <span class='ocrx_word' id='word_1_450' title='bbox 1313 3652 1420 3709; x_wconf 89' lang='lat' dir='ltr'><strong>sopore</strong></span> <span class='ocrx_word' id='word_1_451' title='bbox 1457 3629 1577 3689; x_wconf 85' lang='lat' dir='ltr'><strong>excitari</strong></span> <span class='ocrx_word' id='word_1_452' title='bbox 1624 3641 1787 3705; x_wconf 85' lang='lat' dir='ltr'><strong>coeperunt.</strong></span> 
     </span>
     <span class='ocr_line' id='line_1_39' title="bbox 187 3715 1790 3797; baseline -0.002 -19"><span class='ocrx_word' id='word_1_453' title='bbox 187 3740 263 3797; x_wconf 90' lang='lat' dir='ltr'><strong>quo,</strong></span> <span class='ocrx_word' id='word_1_454' title='bbox 281 3720 358 3797; x_wconf 90' lang='lat' dir='ltr'><strong>quod</strong></span> <span class='ocrx_word' id='word_1_455' title='bbox 374 3720 500 3797; x_wconf 61' lang='grc' dir='ltr'>στεφάνου</span> <span class='ocrx_word' id='word_1_456' title='bbox 522 3719 583 3777; x_wconf 88' lang='lat' dir='ltr'><strong>sive</strong></span> <span class='ocrx_word' id='word_1_457' title='bbox 596 3737 705 3773; x_wconf 80' lang='lat' dir='ltr'><strong>comme</strong></span> <span class='ocrx_word' id='word_1_458' title='bbox 725 3734 830 3773; x_wconf 90' lang='lat' dir='ltr'><strong>nornen</strong></span> <span class='ocrx_word' id='word_1_459' title='bbox 846 3728 874 3773; x_wconf 90' lang='lat' dir='ltr'><strong>et</strong></span> <span class='ocrx_word' id='word_1_460' title='bbox 889 3715 964 3774; x_wconf 82' lang='lat' dir='ltr'><strong>ratio</strong></span> <span class='ocrx_word' id='word_1_461' title='bbox 1011 3716 1128 3777; x_wconf 84' lang='lat' dir='ltr'><strong>Exstitit</strong></span> <span class='ocrx_word' id='word_1_462' title='bbox 1141 3733 1221 3795; x_wconf 92' lang='lat' dir='ltr'><strong>tum,</strong></span> <span class='ocrx_word' id='word_1_463' title='bbox 1237 3720 1341 3796; x_wconf 88' lang='lat' dir='ltr'><strong>quinto</strong></span> <span class='ocrx_word' id='word_1_464' title='bbox 1356 3731 1387 3775; x_wconf 94' lang='lat' dir='ltr'><strong>ut</strong></span> <span class='ocrx_word' id='word_1_465' title='bbox 1401 3718 1517 3776; x_wconf 84' lang='lat' dir='ltr'><strong>videtur</strong></span> <span class='ocrx_word' id='word_1_466' title='bbox 1537 3716 1644 3773; x_wconf 76' lang='lat' dir='ltr'><strong>saeculo</strong></span> <span class='ocrx_word' id='word_1_467' title='bbox 1660 3716 1790 3789; x_wconf 91' lang='lat' dir='ltr'><strong>ineunte,</strong></span> 
     </span>
     <span class='ocr_line' id='line_1_40' title="bbox 188 3802 1788 3884; baseline -0.001 -19"><span class='ocrx_word' id='word_1_468' title='bbox 188 3805 402 3884; x_wconf 90' lang='lat' dir='ltr'><strong>quodammodo</strong></span> <span class='ocrx_word' id='word_1_469' title='bbox 429 3802 609 3883; x_wconf 86' lang='lat' dir='ltr'><strong>postulabat,</strong></span> <span class='ocrx_word' id='word_1_470' title='bbox 623 3836 628 3847; x_wconf 93' lang='lat'>·</span> <span class='ocrx_word' id='word_1_471' title='bbox 642 3803 751 3878; x_wconf 90' lang='lat' dir='ltr'><strong>singuli</strong></span> <span class='ocrx_word' id='word_1_472' title='bbox 776 3816 868 3881; x_wconf 78' lang='lat' dir='ltr'><strong>poetar</strong></span> <span class='ocrx_word' id='word_1_473' title='bbox 899 3824 963 3861; x_wconf 89' lang='lat' dir='ltr'><strong>cum</strong></span> <span class='ocrx_word' id='word_1_474' title='bbox 1012 3803 1129 3864; x_wconf 84' lang='lat' dir='ltr'><strong>Nouuus</strong></span> <span class='ocrx_word' id='word_1_475' title='bbox 1155 3804 1402 3881; x_wconf 88' lang='lat' dir='ltr'><strong>Panopolitanus,</strong></span> <span class='ocrx_word' id='word_1_476' title='bbox 1430 3805 1476 3862; x_wconf 84' lang='lat' dir='ltr'><strong>vir</strong></span> <span class='ocrx_word' id='word_1_477' title='bbox 1510 3802 1709 3875; x_wconf 90' lang='lat' dir='ltr'><strong>admirabilis,</strong></span> <span class='ocrx_word' id='word_1_478' title='bbox 1737 3805 1788 3881; x_wconf 89' lang='lat' dir='ltr'><strong>qui</strong></span> 
     </span>
     <span class='ocr_line' id='line_1_41' title="bbox 187 3891 1791 3972; baseline -0.001 -20"><span class='ocrx_word' id='word_1_479' title='bbox 187 3894 311 3969; x_wconf 89' lang='lat' dir='ltr'><strong>singulis</strong></span> <span class='ocrx_word' id='word_1_480' title='bbox 326 3891 447 3952; x_wconf 86' lang='lat' dir='ltr'><strong>floribus</strong></span> <span class='ocrx_word' id='word_1_481' title='bbox 466 3893 610 3971; x_wconf 89' lang='lat' dir='ltr'><strong>plantisve</strong></span> <span class='ocrx_word' id='word_1_482' title='bbox 623 3903 835 3969; x_wconf 86' lang='lat' dir='ltr'><strong>comparantur.</strong></span> <span class='ocrx_word' id='word_1_483' title='bbox 1012 3895 1107 3972; x_wconf 89' lang='lat' dir='ltr'><strong>spisso</strong></span> <span class='ocrx_word' id='word_1_484' title='bbox 1125 3893 1369 3971; x_wconf 84' lang='lat' dir='ltr'><strong>Dionysiacorum</strong></span> <span class='ocrx_word' id='word_1_485' title='bbox 1392 3910 1479 3971; x_wconf 88' lang='lat' dir='ltr'><strong>opere</strong></span> <span class='ocrx_word' id='word_1_486' title='bbox 1499 3910 1616 3950; x_wconf 89' lang='lat' dir='ltr'><strong>omnem</strong></span> <span class='ocrx_word' id='word_1_487' title='bbox 1636 3892 1791 3952; x_wconf 88' lang='lat' dir='ltr'><strong>Bacchica·</strong></span> 
     </span>
     <span class='ocr_line' id='line_1_42' title="bbox 228 3979 1789 4058; baseline -0.001 -20"><span class='ocrx_word' id='word_1_488' title='bbox 228 3984 271 4039; x_wconf 80' lang='lat' dir='ltr'><strong>Ac</strong></span> <span class='ocrx_word' id='word_1_489' title='bbox 285 3981 315 4039; x_wconf 90' lang='lat' dir='ltr'><strong>hi</strong></span> <span class='ocrx_word' id='word_1_490' title='bbox 330 3980 447 4058; x_wconf 89' lang='lat' dir='ltr'><strong>quidem</strong></span> <span class='ocrx_word' id='word_1_491' title='bbox 461 3979 686 4055; x_wconf 82' lang='lat' dir='ltr'><strong>Florilegiorum</strong></span> <span class='ocrx_word' id='word_1_492' title='bbox 702 3979 867 4038; x_wconf 87' lang='lat' dir='ltr'><strong>conditores</strong></span> <span class='ocrx_word' id='word_1_493' title='bbox 886 3979 964 4038; x_wconf 90' lang='lat' dir='ltr'><strong>anti·</strong></span> <span class='ocrx_word' id='word_1_494' title='bbox 1010 3999 1075 4039; x_wconf 91' lang='lat' dir='ltr'><strong>rum</strong></span> <span class='ocrx_word' id='word_1_495' title='bbox 1087 3979 1248 4039; x_wconf 87' lang='lat' dir='ltr'><strong>fabularum</strong></span> <span class='ocrx_word' id='word_1_496' title='bbox 1262 3979 1433 4055; x_wconf 83' lang='lat' dir='ltr'><strong>farraginem</strong></span> <span class='ocrx_word' id='word_1_497' title='bbox 1444 3979 1659 4055; x_wconf 85' lang='lat' dir='ltr'><strong>elegantissima</strong></span> <span class='ocrx_word' id='word_1_498' title='bbox 1672 3980 1789 4058; x_wconf 90' lang='lat' dir='ltr'><strong>quidem</strong></span> 
     </span>
     <span class='ocr_line' id='line_1_43' title="bbox 187 4065 1790 4147; baseline 0.001 -22"><span class='ocrx_word' id='word_1_499' title='bbox 187 4069 324 4145; x_wconf 85' lang='lat' dir='ltr'><strong>quissimi</strong></span> <span class='ocrx_word' id='word_1_500' title='bbox 339 4069 413 4127; x_wconf 92' lang='lat' dir='ltr'><strong>nulli</strong></span> <span class='ocrx_word' id='word_1_501' title='bbox 429 4068 667 4147; x_wconf 84' lang='lat' dir='ltr'><strong>epigrammatum</strong></span> <span class='ocrx_word' id='word_1_502' title='bbox 683 4069 782 4144; x_wconf 92' lang='lat' dir='ltr'><strong>generi</strong></span> <span class='ocrx_word' id='word_1_503' title='bbox 793 4088 853 4147; x_wconf 87' lang='lat' dir='ltr'><strong>prae</strong></span> <span class='ocrx_word' id='word_1_504' title='bbox 864 4071 966 4127; x_wconf 88' lang='lat' dir='ltr'><strong>ceteris</strong></span> <span class='ocrx_word' id='word_1_505' title='bbox 1010 4068 1163 4139; x_wconf 89' lang='lat' dir='ltr'><strong>oratione,</strong></span> <span class='ocrx_word' id='word_1_506' title='bbox 1184 4067 1234 4125; x_wconf 91' lang='lat' dir='ltr'><strong>sed</strong></span> <span class='ocrx_word' id='word_1_507' title='bbox 1254 4065 1422 4125; x_wconf 89' lang='lat' dir='ltr'><strong>incredibili</strong></span> <span class='ocrx_word' id='word_1_508' title='bbox 1437 4067 1611 4143; x_wconf 86' lang='lat' dir='ltr'><strong>loquacitate</strong></span> <span class='ocrx_word' id='word_1_509' title='bbox 1634 4069 1790 4143; x_wconf 90' lang='lat' dir='ltr'><strong>congessit.</strong></span> 
     </span>
    </p>
   </div>
   <div class='ocr_carea' id='block_1_3' title="bbox 192 4154 965 4224">
    <p class='ocr_par' dir='ltr' id='par_1_3' title="bbox 192 4154 965 4224">
     <span class='ocr_line' id='line_1_44' title="bbox 192 4154 965 4224; baseline 0.001 -14"><span class='ocrx_word' id='word_1_510' title='bbox 192 4155 308 4224; x_wconf 85' lang='lat' dir='ltr'><strong>lavisse,</strong></span> <span class='ocrx_word' id='word_1_511' title='bbox 325 4155 437 4213; x_wconf 91' lang='lat' dir='ltr'><strong>nullum</strong></span> <span class='ocrx_word' id='word_1_512' title='bbox 452 4155 488 4212; x_wconf 93' lang='lat' dir='ltr'><strong>de</strong></span> <span class='ocrx_word' id='word_1_513' title='bbox 500 4161 605 4212; x_wconf 84' lang='lat' dir='ltr'><strong>corom&#39;s</strong></span> <span class='ocrx_word' id='word_1_514' title='bbox 615 4155 676 4214; x_wconf 88' lang='lat' dir='ltr'><strong>suis</strong></span> <span class='ocrx_word' id='word_1_515' title='bbox 690 4156 847 4214; x_wconf 84' lang='lat' dir='ltr'><strong>exclusisse</strong></span> <span class='ocrx_word' id='word_1_516' title='bbox 862 4154 965 4212; x_wconf 87' lang='lat' dir='ltr'><strong>viden·</strong></span> 
     </span>
    </p>
   </div>
   <div class='ocr_carea' id='block_1_4' title="bbox 188 4227 1792 5129">
    <p class='ocr_par' dir='ltr' id='par_1_4' title="bbox 188 4227 1792 4574">
     <span class='ocr_line' id='line_1_45' title="bbox 188 4227 1791 4347; baseline 0 -48"><span class='ocrx_word' id='word_1_517' title='bbox 188 4254 254 4314; x_wconf 90' lang='lat' dir='ltr'><strong>tur;</strong></span> <span class='ocrx_word' id='word_1_518' title='bbox 277 4242 326 4301; x_wconf 90' lang='lat' dir='ltr'><strong>sed</strong></span> <span class='ocrx_word' id='word_1_519' title='bbox 355 4261 544 4320; x_wconf 85' lang='lat' dir='ltr'><strong>quaecumque</strong></span> <span class='ocrx_word' id='word_1_520' title='bbox 575 4242 664 4319; x_wconf 88' lang='lat' dir='ltr'><strong>digna</strong></span> <span class='ocrx_word' id='word_1_521' title='bbox 690 4245 869 4302; x_wconf 89' lang='lat' dir='ltr'><strong>censuissent</strong></span> <span class='ocrx_word' id='word_1_522' title='bbox 894 4255 926 4299; x_wconf 93' lang='lat' dir='ltr'><strong>ut</strong></span> <span class='ocrx_word' id='word_1_523' title='bbox 950 4262 966 4299; x_wconf 86' lang='lat' dir='ltr'><strong>a</strong></span> <span class='ocrx_word' id='word_1_524' title='bbox 1042 4227 1260 4346; x_wconf 58' lang='lat' dir='ltr'><strong>(fitliepcriuptur</strong></span> <span class='ocrx_word' id='word_1_525' title='bbox 1276 4228 1321 4347; x_wconf 47' lang='lat'><strong>,2³5⁰</strong></span> <span class='ocrx_word' id='word_1_526' title='bbox 1339 4228 1431 4310; x_wconf 46' lang='lat' dir='ltr'><strong>ffliiil</strong></span> <span class='ocrx_word' id='word_1_527' title='bbox 1449 4228 1601 4279; x_wconf 63' lang='lat' dir='ltr'><strong>blb¹i⁰⁰¹⁰⁰l⁸</strong></span> <span class='ocrx_word' id='word_1_528' title='bbox 1624 4229 1680 4279; x_wconf 58' lang='lat' dir='ltr'><strong>libri</strong></span> <span class='ocrx_word' id='word_1_529' title='bbox 1705 4243 1791 4280; x_wconf 59' lang='lat' dir='ltr'><strong>manu·</strong></span> 
     </span>
     <span class='ocr_line' id='line_1_46' title="bbox 188 4301 1792 4433; baseline 0.004 -45"><span class='ocrx_word' id='word_1_530' title='bbox 188 4333 311 4405; x_wconf 89' lang='lat' dir='ltr'><strong>posteris</strong></span> <span class='ocrx_word' id='word_1_531' title='bbox 324 4332 497 4408; x_wconf 90' lang='lat' dir='ltr'><strong>legerentur,</strong></span> <span class='ocrx_word' id='word_1_532' title='bbox 510 4351 544 4390; x_wconf 89' lang='lat' dir='ltr'><strong>ea</strong></span> <span class='ocrx_word' id='word_1_533' title='bbox 553 4333 615 4391; x_wconf 90' lang='lat' dir='ltr'><strong>sine</strong></span> <span class='ocrx_word' id='word_1_534' title='bbox 625 4335 786 4409; x_wconf 91' lang='lat' dir='ltr'><strong>argumenti</strong></span> <span class='ocrx_word' id='word_1_535' title='bbox 797 4333 967 4392; x_wconf 87' lang='lat' dir='ltr'><strong>discrimine</strong></span> <span class='ocrx_word' id='word_1_536' title='bbox 1011 4301 1553 4419; x_wconf 40' lang='grc' dir='ltr'><strong>ζξὲξδὲἶῗιθῖζῆξᾶθξέἒῶἕῗξῗωῗῖἓῗ</strong></span> <span class='ocrx_word' id='word_1_537' title='bbox 1562 4302 1792 4433; x_wconf 42' lang='grc' dir='ltr'><strong>’1)ἓῇῗῇἓῇ</strong></span> 
     </span>
     <span class='ocr_line' id='line_1_47' title="bbox 189 4406 1791 4503; baseline 0.011 -29"><span class='ocrx_word' id='word_1_538' title='bbox 189 4417 407 4496; x_wconf 83' lang='lat' dir='ltr'><strong>adoptaverant.</strong></span> <span class='ocrx_word' id='word_1_539' title='bbox 465 4420 569 4479; x_wconf 88' lang='lat' dir='ltr'><strong>Postea</strong></span> <span class='ocrx_word' id='word_1_540' title='bbox 588 4435 682 4480; x_wconf 90' lang='lat' dir='ltr'><strong>autem</strong></span> <span class='ocrx_word' id='word_1_541' title='bbox 712 4422 803 4480; x_wconf 89' lang='lat' dir='ltr'><strong>secuti</strong></span> <span class='ocrx_word' id='word_1_542' title='bbox 829 4432 895 4479; x_wconf 90' lang='lat' dir='ltr'><strong>sunt</strong></span> <span class='ocrx_word' id='word_1_543' title='bbox 916 4419 966 4495; x_wconf 87' lang='lat' dir='ltr'><strong>qui</strong></span> <span class='ocrx_word' id='word_1_544' title='bbox 1011 4436 1088 4500; x_wconf 83' lang='lat' dir='ltr'><strong>piaet</strong></span> <span class='ocrx_word' id='word_1_545' title='bbox 1102 4436 1221 4499; x_wconf 85' lang='lat' dir='ltr'><strong>obscena,</strong></span> <span class='ocrx_word' id='word_1_546' title='bbox 1239 4438 1331 4488; x_wconf 66' lang='lat' dir='ltr'><strong>smiles</strong></span> <span class='ocrx_word' id='word_1_547' title='bbox 1344 4406 1395 4488; x_wconf 79' lang='lat' dir='ltr'><strong>Nisi</strong></span> <span class='ocrx_word' id='word_1_548' title='bbox 1412 4438 1469 4490; x_wconf 79' lang='lat' dir='ltr'><strong>filie</strong></span> <span class='ocrx_word' id='word_1_549' title='bbox 1482 4453 1588 4503; x_wconf 86' lang='lat' dir='ltr'><strong>superne</strong></span> <span class='ocrx_word' id='word_1_550' title='bbox 1608 4439 1734 4502; x_wconf 78' lang='lat' dir='ltr'><strong>formoso,</strong></span> <span class='ocrx_word' id='word_1_551' title='bbox 1748 4438 1791 4490; x_wconf 88' lang='lat' dir='ltr'><strong>sed</strong></span> 
     </span>
     <span class='ocr_line' id='line_1_48' title="bbox 1010 4505 1713 4574; baseline 0.007 -18"><span class='ocrx_word' id='word_1_552' title='bbox 1010 4505 1272 4559; x_wconf 78' lang='lat' dir='ltr'><strong>candidasuccr&#39;ucla</strong></span> <span class='ocrx_word' id='word_1_553' title='bbox 1286 4508 1445 4560; x_wconf 79' lang='lat' dir='ltr'><strong>latrantibus</strong></span> <span class='ocrx_word' id='word_1_554' title='bbox 1456 4512 1567 4574; x_wconf 69' lang='lat' dir='ltr'><strong>inguina</strong></span> <span class='ocrx_word' id='word_1_555' title='bbox 1580 4512 1713 4562; x_wconf 77' lang='lat' dir='ltr'><strong>monstris.</strong></span> 
     </span>
    </p>

    <p class='ocr_par' dir='ltr' id='par_1_5' title="bbox 266 4574 1792 4647">
     <span class='ocr_line' id='line_1_49' title="bbox 266 4574 1792 4647; baseline 0.006 -28"><span class='ocrx_word' id='word_1_556' title='bbox 266 4590 269 4595; x_wconf 61' lang='lat'>¹</span> <span class='ocrx_word' id='word_1_557' title='bbox 607 4636 613 4647; x_wconf 31' lang='grc' dir='ltr'>ι</span> <span class='ocrx_word' id='word_1_558' title='bbox 705 4634 711 4646; x_wconf 31' lang='grc' dir='ltr'>ι</span> <span class='ocrx_word' id='word_1_559' title='bbox 1044 4574 1091 4639; x_wconf 84' lang='lat'>(**)</span> <span class='ocrx_word' id='word_1_560' title='bbox 1106 4575 1170 4640; x_wconf 91' lang='lat' dir='ltr'><strong>[Sed</strong></span> <span class='ocrx_word' id='word_1_561' title='bbox 1179 4577 1204 4626; x_wconf 92' lang='lat' dir='ltr'><strong>in</strong></span> <span class='ocrx_word' id='word_1_562' title='bbox 1212 4578 1365 4629; x_wconf 80' lang='lat' dir='ltr'><strong>Constantini</strong></span> <span class='ocrx_word' id='word_1_563' title='bbox 1380 4578 1494 4643; x_wconf 81' lang='lat' dir='ltr'><strong>Cephalus</strong></span> <span class='ocrx_word' id='word_1_564' title='bbox 1506 4580 1652 4646; x_wconf 69' lang='lat' dir='ltr'><strong>anthologia</strong></span> <span class='ocrx_word' id='word_1_565' title='bbox 1667 4592 1742 4644; x_wconf 91' lang='lat' dir='ltr'><strong>quam</strong></span> <span class='ocrx_word' id='word_1_566' title='bbox 1753 4579 1792 4629; x_wconf 83' lang='lat' dir='ltr'><strong>te·</strong></span> 
     </span>
    </p>

    <p class='ocr_par' dir='ltr' id='par_1_6' title="bbox 189 4629 1792 5129">
     <span class='ocr_line' id='line_1_50' title="bbox 221 4629 1791 4714; baseline 0.006 -25"><span class='ocrx_word' id='word_1_567' title='bbox 221 4631 256 4692; x_wconf 58' lang='grc' dir='ltr'><strong>(Ἴ</strong></span> <span class='ocrx_word' id='word_1_568' title='bbox 275 4629 389 4714; x_wconf 73' lang='lat' dir='ltr'><strong>[Deque</strong></span> <span class='ocrx_word' id='word_1_569' title='bbox 403 4647 430 4684; x_wconf 89' lang='lat' dir='ltr'><strong>re</strong></span> <span class='ocrx_word' id='word_1_570' title='bbox 442 4634 514 4685; x_wconf 83' lang='lat' dir='ltr'><strong>docte</strong></span> <span class='ocrx_word' id='word_1_571' title='bbox 525 4639 550 4687; x_wconf 89' lang='lat' dir='ltr'><strong>et</strong></span> <span class='ocrx_word' id='word_1_572' title='bbox 561 4649 658 4699; x_wconf 76' lang='lat' dir='ltr'><strong>copiose</strong></span> <span class='ocrx_word' id='word_1_573' title='bbox 676 4638 724 4700; x_wconf 71' lang='lat' dir='ltr'><strong>egit</strong></span> <span class='ocrx_word' id='word_1_574' title='bbox 739 4635 873 4693; x_wconf 63' lang='lat' dir='ltr'><strong>beclem,</strong></span> <span class='ocrx_word' id='word_1_575' title='bbox 892 4636 966 4683; x_wconf 74' lang='lat' dir='ltr'><strong>Com·</strong></span> <span class='ocrx_word' id='word_1_576' title='bbox 1012 4658 1115 4707; x_wconf 87' lang='lat' dir='ltr'><strong>nemus,</strong></span> <span class='ocrx_word' id='word_1_577' title='bbox 1130 4646 1197 4696; x_wconf 86' lang='lat' dir='ltr'><strong>haud</strong></span> <span class='ocrx_word' id='word_1_578' title='bbox 1206 4648 1283 4697; x_wconf 88' lang='lat' dir='ltr'><strong>ullum</strong></span> <span class='ocrx_word' id='word_1_579' title='bbox 1298 4648 1430 4712; x_wconf 85' lang='lat' dir='ltr'><strong>vestigium</strong></span> <span class='ocrx_word' id='word_1_580' title='bbox 1444 4652 1539 4701; x_wconf 87' lang='lat' dir='ltr'><strong>certum</strong></span> <span class='ocrx_word' id='word_1_581' title='bbox 1553 4649 1657 4701; x_wconf 85' lang='lat' dir='ltr'><strong>inveniri</strong></span> <span class='ocrx_word' id='word_1_582' title='bbox 1670 4654 1710 4707; x_wconf 71' lang='lat' dir='ltr'><strong>rtis</strong></span> <span class='ocrx_word' id='word_1_583' title='bbox 1723 4649 1791 4709; x_wconf 81' lang='lat' dir='ltr'><strong>[lau-</strong></span> 
     </span>
     <span class='ocr_line' id='line_1_51' title="bbox 189 4702 1792 4787; baseline 0.002 -25"><span class='ocrx_word' id='word_1_584' title='bbox 189 4702 290 4751; x_wconf 85' lang='lat' dir='ltr'><strong>mentat.</strong></span> <span class='ocrx_word' id='word_1_585' title='bbox 301 4702 665 4768; x_wconf 79' lang='lat' dir='ltr'><strong>cnt.mltntbol.partepnma</strong></span> <span class='ocrx_word' id='word_1_586' title='bbox 677 4721 702 4769; x_wconf 91' lang='lat' dir='ltr'><strong>p.</strong></span> <span class='ocrx_word' id='word_1_587' title='bbox 713 4712 742 4787; x_wconf 56' lang='lat'><strong>⁶9</strong></span> <span class='ocrx_word' id='word_1_588' title='bbox 753 4704 836 4767; x_wconf 84' lang='lat' dir='ltr'><strong>seqq]</strong></span> <span class='ocrx_word' id='word_1_589' title='bbox 900 4777 906 4787; x_wconf 40' lang='lat'><strong>,</strong></span> <span class='ocrx_word' id='word_1_590' title='bbox 1013 4716 1097 4778; x_wconf 69' lang='grc' dir='ltr'><strong>μέτρου</strong></span> <span class='ocrx_word' id='word_1_591' title='bbox 1112 4716 1180 4765; x_wconf 81' lang='lat' dir='ltr'><strong>recte</strong></span> <span class='ocrx_word' id='word_1_592' title='bbox 1197 4716 1340 4767; x_wconf 79' lang='lat' dir='ltr'><strong>observarit</strong></span> <span class='ocrx_word' id='word_1_593' title='bbox 1362 4717 1516 4782; x_wconf 84' lang='lat' dir='ltr'><strong>Weigandus</strong></span> <span class='ocrx_word' id='word_1_594' title='bbox 1535 4735 1561 4785; x_wconf 90' lang='lat' dir='ltr'><strong>p.</strong></span> <span class='ocrx_word' id='word_1_595' title='bbox 1576 4726 1631 4771; x_wconf 76' lang='lat'><strong>558.</strong></span> <span class='ocrx_word' id='word_1_596' title='bbox 1645 4716 1792 4768; x_wconf 75' lang='lat' dir='ltr'><strong>Addcndum</strong></span> 
     </span>
     <span class='ocr_line' id='line_1_52' title="bbox 221 4771 1792 4852; baseline 0 -17"><span class='ocrx_word' id='word_1_597' title='bbox 221 4772 270 4852; x_wconf 40' lang='grc' dir='ltr'><strong>(ξ’)</strong></span> <span class='ocrx_word' id='word_1_598' title='bbox 285 4771 381 4836; x_wconf 61' lang='lat' dir='ltr'><strong>[Ablue</strong></span> <span class='ocrx_word' id='word_1_599' title='bbox 389 4776 790 4840; x_wconf 70' lang='lat' dir='ltr'><strong>unumagnostuntalpbabebcum</strong></span> <span class='ocrx_word' id='word_1_600' title='bbox 797 4789 872 4839; x_wconf 88' lang='lat' dir='ltr'><strong>quem</strong></span> <span class='ocrx_word' id='word_1_601' title='bbox 882 4775 968 4829; x_wconf 80' lang='lat' dir='ltr'><strong>ducunt</strong></span> <span class='ocrx_word' id='word_1_602' title='bbox 1012 4786 1051 4834; x_wconf 86' lang='lat' dir='ltr'><strong>est</strong></span> <span class='ocrx_word' id='word_1_603' title='bbox 1063 4788 1146 4835; x_wconf 86' lang='lat' dir='ltr'><strong>autem</strong></span> <span class='ocrx_word' id='word_1_604' title='bbox 1165 4788 1323 4849; x_wconf 76' lang='lat' dir='ltr'><strong>Diogenlaul</strong></span> <span class='ocrx_word' id='word_1_605' title='bbox 1342 4788 1509 4840; x_wconf 71' lang='lat' dir='ltr'><strong>Heracleotae</strong></span> <span class='ocrx_word' id='word_1_606' title='bbox 1530 4787 1726 4850; x_wconf 74' lang='lat' dir='ltr'><strong>Autltologlum,</strong></span> <span class='ocrx_word' id='word_1_607' title='bbox 1749 4786 1792 4849; x_wconf 88' lang='lat' dir='ltr'><strong>qui</strong></span> 
     </span>
     <span class='ocr_line' id='line_1_53' title="bbox 189 4839 1791 4925; baseline 0.012 -36"><span class='ocrx_word' id='word_1_608' title='bbox 189 4839 300 4892; x_wconf 77' lang='lat' dir='ltr'><strong>ordinem</strong></span> <span class='ocrx_word' id='word_1_609' title='bbox 311 4845 444 4925; x_wconf 72' lang='lat' dir='ltr'><strong>l‘assorlus</strong></span> <span class='ocrx_word' id='word_1_610' title='bbox 464 4849 609 4903; x_wconf 78' lang='lat' dir='ltr'><strong>Quastione</strong></span> <span class='ocrx_word' id='word_1_611' title='bbox 625 4846 659 4895; x_wconf 82' lang='lat' dir='ltr'><strong>de</strong></span> <span class='ocrx_word' id='word_1_612' title='bbox 673 4847 784 4908; x_wconf 74' lang='lat' dir='ltr'><strong>resumis</strong></span> <span class='ocrx_word' id='word_1_613' title='bbox 802 4850 968 4897; x_wconf 72' lang='lat' dir='ltr'><strong>Coronarum</strong></span> <span class='ocrx_word' id='word_1_614' title='bbox 1013 4853 1126 4918; x_wconf 72' lang='lat' dir='ltr'><strong>Meleagri·</strong></span> <span class='ocrx_word' id='word_1_615' title='bbox 1149 4856 1175 4905; x_wconf 84' lang='lat' dir='ltr'><strong>et</strong></span> <span class='ocrx_word' id='word_1_616' title='bbox 1195 4854 1299 4920; x_wconf 79' lang='lat' dir='ltr'><strong>Philippi</strong></span> <span class='ocrx_word' id='word_1_617' title='bbox 1329 4857 1431 4908; x_wconf 83' lang='lat' dir='ltr'><strong>coronis</strong></span> <span class='ocrx_word' id='word_1_618' title='bbox 1451 4861 1570 4923; x_wconf 86' lang='lat' dir='ltr'><strong>tanquam</strong></span> <span class='ocrx_word' id='word_1_619' title='bbox 1595 4856 1791 4921; x_wconf 82' lang='lat' dir='ltr'><strong>supplementum</strong></span> 
     </span>
     <span class='ocr_line' id='line_1_54' title="bbox 190 4909 1792 4989; baseline 0.009 -29"><span class='ocrx_word' id='word_1_620' title='bbox 190 4909 316 4975; x_wconf 68' lang='lat' dir='ltr'><strong>Meleagri</strong></span> <span class='ocrx_word' id='word_1_621' title='bbox 336 4916 362 4963; x_wconf 85' lang='lat' dir='ltr'><strong>ct</strong></span> <span class='ocrx_word' id='word_1_622' title='bbox 380 4913 499 4978; x_wconf 78' lang='lat' dir='ltr'><strong>Philippi</strong></span> <span class='ocrx_word' id='word_1_623' title='bbox 520 4918 548 4964; x_wconf 79' lang='lat' dir='ltr'><strong>tu</strong></span> <span class='ocrx_word' id='word_1_624' title='bbox 562 4911 717 4977; x_wconf 71' lang='lat' dir='ltr'><strong>anthologia</strong></span> <span class='ocrx_word' id='word_1_625' title='bbox 736 4916 900 4965; x_wconf 77' lang='lat' dir='ltr'><strong>Constantini</strong></span> <span class='ocrx_word' id='word_1_626' title='bbox 920 4919 966 4965; x_wconf 83' lang='lat' dir='ltr'><strong>Ce-</strong></span> <span class='ocrx_word' id='word_1_627' title='bbox 1013 4922 1182 4987; x_wconf 72' lang='lat' dir='ltr'><strong>addiditque</strong></span> <span class='ocrx_word' id='word_1_628' title='bbox 1195 4925 1319 4988; x_wconf 85' lang='lat' dir='ltr'><strong>postillos</strong></span> <span class='ocrx_word' id='word_1_629' title='bbox 1332 4926 1364 4975; x_wconf 90' lang='lat' dir='ltr'><strong>ad</strong></span> <span class='ocrx_word' id='word_1_630' title='bbox 1379 4927 1494 4977; x_wconf 82' lang='lat' dir='ltr'><strong>Hadriani</strong></span> <span class='ocrx_word' id='word_1_631' title='bbox 1513 4927 1554 4977; x_wconf 82' lang='lat' dir='ltr'><strong>rel</strong></span> <span class='ocrx_word' id='word_1_632' title='bbox 1574 4925 1689 4976; x_wconf 69' lang='lat' dir='ltr'><strong>domnini</strong></span> <span class='ocrx_word' id='word_1_633' title='bbox 1711 4939 1792 4989; x_wconf 84' lang='lat' dir='ltr'><strong>usqua</strong></span> 
     </span>
     <span class='ocr_line' id='line_1_55' title="bbox 190 4978 1790 5059; baseline 0.01 -29"><span class='ocrx_word' id='word_1_634' title='bbox 190 4978 288 5045; x_wconf 73' lang='lat' dir='ltr'><strong>phata,</strong></span> <span class='ocrx_word' id='word_1_635' title='bbox 306 4985 404 5036; x_wconf 82' lang='lat' dir='ltr'><strong>vratisl.</strong></span> <span class='ocrx_word' id='word_1_636' title='bbox 421 4990 489 5045; x_wconf 80' lang='lat'><strong>1827,</strong></span> <span class='ocrx_word' id='word_1_637' title='bbox 503 4988 529 5034; x_wconf 91' lang='lat' dir='ltr'><strong>et</strong></span> <span class='ocrx_word' id='word_1_638' title='bbox 543 4983 692 5047; x_wconf 76' lang='lat' dir='ltr'><strong>tt&#39;eigsudus</strong></span> <span class='ocrx_word' id='word_1_639' title='bbox 708 4986 746 5031; x_wconf 82' lang='lat' dir='ltr'><strong>Dc</strong></span> <span class='ocrx_word' id='word_1_640' title='bbox 757 4984 871 5043; x_wconf 73' lang='lat' dir='ltr'><strong>sontibus</strong></span> <span class='ocrx_word' id='word_1_641' title='bbox 883 4987 909 5034; x_wconf 84' lang='lat' dir='ltr'><strong>ct</strong></span> <span class='ocrx_word' id='word_1_642' title='bbox 925 5000 968 5035; x_wconf 90' lang='lat' dir='ltr'><strong>or·</strong></span> <span class='ocrx_word' id='word_1_643' title='bbox 1013 4994 1123 5055; x_wconf 86' lang='lat' dir='ltr'><strong>tempora</strong></span> <span class='ocrx_word' id='word_1_644' title='bbox 1133 4994 1223 5058; x_wconf 86' lang='lat' dir='ltr'><strong>scripta</strong></span> <span class='ocrx_word' id='word_1_645' title='bbox 1237 4997 1307 5046; x_wconf 84' lang='lat' dir='ltr'><strong>erant</strong></span> <span class='ocrx_word' id='word_1_646' title='bbox 1322 4996 1508 5059; x_wconf 84' lang='lat' dir='ltr'><strong>epigrammata,</strong></span> <span class='ocrx_word' id='word_1_647' title='bbox 1518 4995 1657 5058; x_wconf 66' lang='lat' dir='ltr'><strong>praesertim</strong></span> <span class='ocrx_word' id='word_1_648' title='bbox 1673 4996 1790 5057; x_wconf 58' lang='lat' dir='ltr'><strong>satyrica</strong></span> 
     </span>
     <span class='ocr_line' id='line_1_56' title="bbox 191 5051 1791 5129; baseline 0.008 -27"><span class='ocrx_word' id='word_1_649' title='bbox 191 5051 253 5103; x_wconf 81' lang='lat' dir='ltr'><strong>diue</strong></span> <span class='ocrx_word' id='word_1_650' title='bbox 276 5054 433 5118; x_wconf 72' lang='lat' dir='ltr'><strong>anthologia</strong></span> <span class='ocrx_word' id='word_1_651' title='bbox 457 5053 633 5117; x_wconf 72' lang='lat' dir='ltr'><strong>capitulana,</strong></span> <span class='ocrx_word' id='word_1_652' title='bbox 655 5053 680 5103; x_wconf 87' lang='lat' dir='ltr'><strong>in</strong></span> <span class='ocrx_word' id='word_1_653' title='bbox 703 5055 788 5104; x_wconf 81' lang='lat' dir='ltr'><strong>Museo</strong></span> <span class='ocrx_word' id='word_1_654' title='bbox 807 5056 922 5106; x_wconf 85' lang='lat' dir='ltr'><strong>ltbenano</strong></span> <span class='ocrx_word' id='word_1_655' title='bbox 944 5073 966 5109; x_wconf 84' lang='lat' dir='ltr'><strong>a.</strong></span> <span class='ocrx_word' id='word_1_656' title='bbox 1014 5062 1082 5111; x_wconf 83' lang='lat' dir='ltr'><strong>velut</strong></span> <span class='ocrx_word' id='word_1_657' title='bbox 1094 5064 1202 5126; x_wconf 83' lang='lat' dir='ltr'><strong>Lucillii,</strong></span> <span class='ocrx_word' id='word_1_658' title='bbox 1219 5066 1332 5126; x_wconf 86' lang='lat' dir='ltr'><strong>Luciani,</strong></span> <span class='ocrx_word' id='word_1_659' title='bbox 1349 5066 1402 5129; x_wconf 85' lang='lat' dir='ltr'><strong>ipse</strong></span> <span class='ocrx_word' id='word_1_660' title='bbox 1419 5078 1519 5129; x_wconf 89' lang='lat' dir='ltr'><strong>quoque</strong></span> <span class='ocrx_word' id='word_1_661' title='bbox 1538 5063 1664 5114; x_wconf 78' lang='lat' dir='ltr'><strong>literanum</strong></span> <span class='ocrx_word' id='word_1_662' title='bbox 1682 5066 1791 5116; x_wconf 85' lang='lat' dir='ltr'><strong>ordinem</strong></span> 
     </span>
    </p>
   </div>
   <div class='ocr_carea' id='block_1_5' title="bbox 195 5126 1532 5200">
    <p class='ocr_par' dir='ltr' id='par_1_7' title="bbox 195 5126 1532 5200">
     <span class='ocr_line' id='line_1_57' title="bbox 195 5126 1532 5200; baseline -0.003 -12"><span class='ocrx_word' id='word_1_663' title='bbox 195 5126 262 5187; x_wconf 70' lang='lat'><strong>¹⁸⁴⁵,</strong></span> <span class='ocrx_word' id='word_1_664' title='bbox 275 5138 300 5187; x_wconf 77' lang='lat' dir='ltr'><strong>l)-</strong></span> <span class='ocrx_word' id='word_1_665' title='bbox 315 5129 355 5176; x_wconf 76' lang='lat'><strong>¹⁶¹</strong></span> <span class='ocrx_word' id='word_1_666' title='bbox 371 5138 452 5189; x_wconf 82' lang='lat' dir='ltr'><strong>seqq,</strong></span> <span class='ocrx_word' id='word_1_667' title='bbox 467 5129 508 5175; x_wconf 78' lang='lat'><strong>54¹</strong></span> <span class='ocrx_word' id='word_1_668' title='bbox 525 5137 605 5187; x_wconf 85' lang='lat' dir='ltr'><strong>seqq.;</strong></span> <span class='ocrx_word' id='word_1_669' title='bbox 619 5127 722 5184; x_wconf 70' lang='lat'><strong>³·1847·</strong></span> <span class='ocrx_word' id='word_1_670' title='bbox 737 5137 761 5187; x_wconf 70' lang='lat' dir='ltr'><strong>l)-</strong></span> <span class='ocrx_word' id='word_1_671' title='bbox 777 5129 821 5177; x_wconf 73' lang='lat'><strong>²7⁶</strong></span> <span class='ocrx_word' id='word_1_672' title='bbox 834 5127 906 5191; x_wconf 77' lang='lat' dir='ltr'><strong>sqq]</strong></span> <span class='ocrx_word' id='word_1_673' title='bbox 1014 5136 1122 5183; x_wconf 86' lang='lat' dir='ltr'><strong>secutus.</strong></span> <span class='ocrx_word' id='word_1_674' title='bbox 1138 5135 1199 5186; x_wconf 77' lang='lat' dir='ltr'><strong>Vide</strong></span> <span class='ocrx_word' id='word_1_675' title='bbox 1211 5136 1338 5200; x_wconf 53' lang='lat' dir='ltr'><strong>Weigand,</strong></span> <span class='ocrx_word' id='word_1_676' title='bbox 1352 5150 1377 5199; x_wconf 83' lang='lat' dir='ltr'><strong>p.</strong></span> <span class='ocrx_word' id='word_1_677' title='bbox 1388 5143 1432 5186; x_wconf 82' lang='lat'><strong>552</strong></span> <span class='ocrx_word' id='word_1_678' title='bbox 1447 5135 1532 5197; x_wconf 78' lang='lat' dir='ltr'><strong>seqq]</strong></span> 
     </span>
    </p>
   </div>
   <div class='ocr_carea' id='block_1_6' title="bbox 0 0 2021 5952">
    <p class='ocr_par' dir='ltr' id='par_1_8' title="bbox 0 0 2021 5952">
     <span class='ocr_line' id='line_1_58' title="bbox 0 0 2021 5952; baseline 0 0"><span class='ocrx_word' id='word_1_679' title='bbox 0 0 2021 5952; x_wconf 95' lang='lat' dir='ltr'><strong> </strong></span> 
     </span>
    </p>
   </div>
  </div>
 </body>
</html>
