4020 5946
604 414 730 477 capili
751 415 814 475 vii.
837 413 1119 477 EPIGRAMMATA
1140 415 1415 478 SEPULCRALIA.

245 547 372 625 despuisse
388 547 490 625 μιθέων
505 547 621 627 ἀτραπὸν
640 546 737 619 θετίην.
1064 555 1151 608 timeat
1162 556 1246 607 ebrius
1256 556 1322 607 viam
1333 556 1564 621 pluvia-madidam.

439 698 508 751 sss.
534 691 753 751 ΑΝΤΙΦΙΛΟΥ.
1307 704 1362 750 seo.
1380 700 1551 749 surianam.

199 830 346 905 Τηλοτάτω
360 829 489 911 χεύασθαι
503 829 555 889 ίδιι
568 828 650 910 τάφον
664 829 809 890 Οἰδιπόδαο
1034 846 1203 898 nemofigsime
1215 855 1329 906 aggerare
1342 841 1470 905 oportebat
1479 841 1601 891 hamulum
1613 841 1697 906 OEdipi

242 918 331 978 παισλν
344 920 391 977 ἀπ’
409 917 546 990 ἀλλήλων,
560 908 598 985 οἷς
610 917 691 996 πέρας
704 918 757 976 οῦδ
770 911 867 985 Ἀίδας·
1065 929 1147 994 pueris
1159 927 1229 979 alteri
1241 928 1379 989 obeliero,
1394 928 1484 992 quibus
1493 927 1549 978 ilnis
1560 929 1763 978 inimicitiarum
1773 940 1820 978 nec

203 1007 272 1067 ἀλλὰ
286 1007 330 1065 καλ
345 1009 381 1073 εἰς
395 1006 543 1086 Ἀχέροντος
554 1004 601 1064 ένα
615 1004 696 1064 πλόον
710 1005 859 1084 ἠρνήσαντο
869 1050 877 1079 ,
1033 1019 1078 1069 sed
1086 1016 1126 1068 val
1134 1016 1161 1067 iu
1169 1017 1332 1067 Acherontem
1345 1029 1396 1066 una
1404 1016 1518 1080 navigare
1529 1018 1685 1078 recusarunt,
1695 1015 1788 1080 [orcus
1798 1035 1804 1078 ;

243 1095 285 1175 χώ
299 1093 421 1173 στυγερὸς
432 1092 492 1165 ζώει
505 1096 555 1165 κήν
564 1093 724 1175 φθιμένοισιν
736 1092 826 1172 Ἄρης.
1064 1104 1090 1158 et
1102 1106 1195 1156 iorbus
1207 1105 1270 1156 vivit
1284 1104 1357 1156 etism
1368 1104 1394 1155 in
1407 1103 1535 1156 exstinctis
1544 1107 1618 1155 Mors.

204 1184 291 1244 Ἠνίδε
301 1187 431 1263 aspasii:
442 1182 531 1242 ἄνισον
543 1181 642 1262 φλόγα·
656 1180 780 1257 δαιομένα
789 1182 841 1261 γὰρ
1033 1195 1097 1243 Eoos
1106 1205 1174 1257 pyras
1184 1191 1307 1256 disparem
1317 1192 1452 1241 ilsmmsmi
1468 1204 1585 1242 succensa
1595 1190 1660 1241 anim

176 1312 180 1318 -
243 1271 269 1340 si
283 1271 337 1338 ένδς
349 1271 384 1337 είς
398 1269 491 1329 δισσθν
501 1271 575 1350 δῆριν
590 1269 792 1349 ἀποστρέφεται.

278 1424 343 1473 roo.
362 1413 610 1473 iiielliiilloi
629 1412 910 1472 ΑΛΕΞΑΝΔΡΕΩΣ
1008 1323 1016 1458 i
1182 1426 1237 1473 loo.
1255 1424 1440 1472 sanceronis
1456 1422 1673 1472 mammonam.

1065 1294 1097 1331 ex
1111 1295 1162 1331 uno
1170 1294 1233 1344 roco
1245 1281 1272 1330 in
1286 1279 1349 1330 duas
1361 1279 1563 1344 partes-rixantes
1572 1281 1598 1330 et
1609 1279 1780 1330 aversanabit

200 1558 282 1619 Τοῦτ’
297 1558 387 1616 ὀστοῦν
401 1552 486 1635 φωτός
503 1550 668 1632 πολυεργέος.
689 1543 728 1613 ’Ἦ
742 1551 775 1634 ρά
789 1576 827 1619 τις
840 1542 908 1625 ἦσθα
1035 1564 1118 1623 ilocce
1131 1574 1160 1612 os
1172 1561 1219 1611 viri
1229 1560 1352 1612 laboriosi.
1385 1563 1448 1611 Sane
1457 1559 1559 1624 quidam
1567 1573 1623 1611 eras

244 1643 372 1723 ἔμπορος,
387 1641 405 1714 ἢ
418 1643 516 1723 τυφλοῦ
533 1641 650 1716 κύματος
665 1640 809 1721 ίχθυθόλος.
1065 1653 1195 1711 mercator,
1205 1651 1249 1700 aut
1264 1649 1337 1699 caseis
1348 1648 1507 1699 iri-noctibus
1519 1648 1633 1711 piscator.
1741 1693 1749 1703 ‚

202 1728 339 1810 Ἀγγειλον
353 1731 483 1801 θνητοῖσιν
498 1732 539 1788 δτι
554 1729 708 1796 σπεύδοντες
724 1731 748 1796 ές
763 1730 844 1798 άλλας
1034 1738 1130 1788 Nuncia
1139 1736 1284 1788 mortalibus
1296 1750 1354 1798 nos,
1372 1737 1515 1787 festinantes
1528 1736 1555 1786 in
1567 1736 1627 1786 alias

244 1819 351 1884 ἐλπίδας
365 1819 401 1885 είς
411 1817 485 1891 τοίην
495 1817 590 1877 ἐλπίδα
600 1817 727 1893 λυόμεθα.
855 1895 860 1905 ·
1066 1840 1136 1891 spes,
1151 1827 1176 1876 in
1188 1827 1263 1876 talem
1273 1839 1343 1889 spem
1352 1838 1441 1875 omncs
1449 1825 1653 1876 modemumeni.

422 1970 490 2019 sor.
516 1959 769 2022 ΚΡΙΝΑΓΟΡΟΥ.
1293 1972 1348 2017 τοι.
1366 1967 1563 2017 carnnoonn.
1645 1994 1648 1999 -

203 2099 285 2172 Τήνδ
301 2098 352 2158 iai
365 2097 499 2158 disicias
515 2099 599 2159 θλίόει
610 2099 691 2181 χθόνα
707 2100 789 2181 φωτὸς
803 2102 908 2181 άλιτροῦ
1035 2112 1087 2159 llac
1100 2108 1148 2160 sub
1161 2108 1298 2158 inimcunda
1310 2108 1399 2173 premit
1413 2110 1480 2159 terra
1490 2106 1596 2158 bominis
1605 2108 1701 2159 scelesti

243 2187 322 2247 ὀστέα
341 2191 454 2264 μισητῆς
465 2187 566 2265 τόμόος
579 2189 645 2269 incip
659 2193 787 2270 κεφαλῆς,
1067 2212 1124 2248 ossa
1134 2197 1220 2249 odioso
1231 2198 1346 2248 tumulus
1360 2209 1435 2259 super
1448 2196 1540 2259 capite,

204 2275 298 2357 στέρνα
311 2275 334 2333 τ’
347 2276 530 2355 ἑποκριόεντα,
544 2278 589 2337 καὶ
604 2279 650 2335 οὐκ
660 2278 767 2353 εὔοδμον
779 2278 890 2338 ὀδόντων
1034 2291 1183 2352 pectoreque
1191 2288 1350 2350 confragosa,
1362 2289 1445 2336 etnou
1458 2284 1635 2335 beneolentem
1648 2284 1758 2336 dentium

244 2362 355 2441 πρίονα,
369 2361 413 2421 καί
430 2361 523 2421 κώλων
539 2363 640 2424 δούλιον
652 2364 789 2437 olentem,
1066 2387 1175 2434 serram,
1190 2376 1216 2424 et
1226 2386 1327 2423 crurum
1341 2371 1455 2422 servilem
1470 2369 1626 2435 compedem,

204 2451 302 2531 άτριχα
319 2451 364 2508 καί
379 2448 491 2528 κόρσην,
504 2451 643 2510 Εθνικίδου
658 2454 817 2532 ῆμιπόρωτα
1035 2461 1169 2525 depilatum
1181 2464 1207 2510 et
1216 2463 1302 2523 ceput,
1315 2457 1442 2508 Euoicidrs
1455 2458 1639 2510 semiustulatas

245 2537 360 2618 λείψαν’,
374 2537 413 2598 έτι
423 2540 528 2616 χλωρῆς
542 2537 647 2616 έμπλεοι
661 2541 807 2612 τηκεδόνος.
1066 2547 1195 2612 reliquias,
1209 2547 1292 2598 adhuc
1302 2545 1432 2597 viridantis
1446 2546 1531 2610 plenas
1543 2546 1687 2610 putredinis.

205 2624 287 2687 Χθὼν
300 2614 322 2684 si
335 2625 529 2705 δυσνόμφευτε,
541 2628 719 2700 κακοσκήνευς
731 2629 775 2688 ἐπὶ
786 2630 881 2710 τέφρης
1035 2637 1375 2700 ‘serraomaledesponssta¹
1386 2634 1618 2699 deformis-corpore
1629 2650 1703 2700 super
1717 2637 1823 2690 favillam

246 2713 338 2791 ἀνδρὸς
357 2712 395 2788 μθ,
412 2714 497 2795 κούφη
512 2716 635 2791 κέκλιτο,
650 2715 714 2796 μηδ’
726 2716 769 2776 δλί
803 2761 811 2776 .
1008 2716 1013 2807 Ι
1067 2725 1114 2775 riri
1123 2738 1154 2775 ne
1166 2723 1229 2776 levis
1238 2721 1378 2784 incumbes,
1396 2735 1443 2772 neu
1453 2722 1558 2774 modica

1008 2818 1013 2845 Ι

422 2862 494 2916 soa.
517 2858 775 2917 ΑΝΤΙΠΑΤΡΟΥ.
1303 2864 1358 2911 eoa.
1376 2864 1556 2912 mirream.

207 3004 348 3084 Χειμερίου
362 3010 475 3083 νιφετοῖο
489 3000 550 3079 περὶ
567 3004 694 3077 θριγκοῖσι
708 2998 832 3062 τακέντος
1038 3003 1145 3052 Iliberna
1160 3003 1215 3052 nire
1231 3003 1295 3052 circa
1304 3003 1534 3067 summos-parieles
1544 3002 1622 3054 diluta

248 3094 324 3169 δῶμα
336 3092 417 3151 πεσὸν
431 3089 479 3162 τὴν
493 3092 574 3168 γραῦν
589 3087 680 3145 ίκτανε
691 3083 852 3158 Αυσιδίκην·
1011 3162 1014 3167 ¹
1069 3090 1160 3140 domus
1172 3091 1240 3155 lapsa
1251 3105 1324 3141 anum
1337 3091 1428 3142 occidit
1436 3091 1577 3154 Lysidicem

209 3184 283 3260 σῆμα
298 3180 326 3238 δέ
342 3183 365 3239 οἱ
380 3183 504 3256 κωμῆται
518 3175 656 3254 ὁμώλακες
670 3176 718 3233 οὐκ
732 3175 779 3233 ἀπ’
793 3176 904 3255 όρυκτῆς
1039 3180 1307 3243 monumentumqueei
1317 3180 1471 3244 pagi-incolas
1483 3179 1557 3230 vicini
1567 3194 1652 3232 nonen
1662 3181 1756 3232 eliosse

248 3268 339 3348 γαίης,
355 3268 413 3328 ἀλλ’
423 3268 499 3327 αὐτὸν
514 3264 614 3345 πύργον
624 3263 711 3323 έθτντο
720 3265 811 3344 τάφον.
1069 3272 1149 3332 terre,
1160 3267 1204 3318 sed
1221 3268 1300 3333 ipsam
1313 3268 1401 3318 turrim
1416 3271 1552 3331 posuerunt
1565 3269 1697 3318 tumulum.

329 3420 397 3471 sos.
423 3407 582 3469 ΜΑΡΚΟΥ
602 3405 881 3465 ΑΡΓΕΝΤΑΡΙΟΥ.
1234 3411 1289 3458 τοο.
1306 3408 1406 3457 arenci
1423 3409 1621 3459 anonumum

210 3552 335 3622 Ψύλλος,
350 3549 423 3615 dede
436 3546 543 3615 ποθινδις
556 3544 721 3623 έπιμισθίδας
736 3544 790 3604 αἰέν
811 3544 915 3624 ἑταίρας
1038 3548 1147 3612 Psyllus,
1163 3548 1208 3611 qui
1219 3550 1344 3612 exoptatae
1357 3548 1494 3599 meritorias
1501 3561 1597 3613 semper
1609 3549 1700 3600 amicas

249 3638 363 3717 πέμπων
377 3639 402 3704 ές
416 3636 449 3696 ed
463 3634 528 3694 νέων
542 3634 606 3705 ἡδέα
618 3633 767 3710 συμπόσια,
1012 3665 1017 3692 ι
1070 3637 1183 3687 mittebat
1194 3636 1219 3686 in
1229 3638 1349 3702 juvenum
1362 3636 1580 3699 dulciacouviria3

211 3718 284 3794 oisc<
297 3730 311 3786 ό
323 3725 438 3806 θηρείων
453 3721 652 3805 άταλόρρονας,
666 3723 755 3781 ἐνθάδε
770 3729 874 3799 κεῖται,
1012 3696 1018 3819 i
1040 3725 1080 3775 bic
1095 3725 1139 3789 qui
1151 3724 1287 3776 venabatur
1297 3723 1614 3788 intima-meutopuellas‚
1625 3725 1756 3791 lienosi.
1847 3776 1853 3783 ,

252 3813 360 3895 αἰσχρόν
375 3816 423 3873 ἀπ’
436 3812 580 3894 ἀνθρώπων
596 3813 688 3891 μισθὸν
704 3811 882 3890 ἐνεγκάμενος.
1013 3828 1018 3907 γ
1071 3818 1170 3876 turpem
1182 3813 1213 3863 ab
1222 3813 1364 3864 bominibus
1372 3813 1511 3864 mercedem
1525 3813 1638 3877 adeptus.

211 3904 293 3964 Ἀλλά
307 3903 392 3969 λίθους
405 3903 449 3963 inl
463 3900 579 3980 τάμὸον,
592 3900 724 3979 ὁδοιπόρε,
739 3900 806 3976 μήτε
820 3898 851 3960 σὺ
867 3900 961 3979 βάλλε,
1013 3912 1018 3959 l
1041 3903 1088 3954 Sed
1101 3902 1195 3967 lapides
1207 3902 1232 3952 in
1243 3902 1378 3964 tumulum,
1387 3902 1475 3964 viator,
1486 3905 1603 3966 nequetu
1615 3902 1698 3961 initte¹
1740 3903 1825 3966 [tuus.

252 3991 315 4071 μήτ’
331 3992 410 4052 ἄλλον
422 3991 528 4071 πείσῃς·
544 3996 620 4068 σῆμα
628 3990 739 4069 λέλογχε
753 3989 835 4057 νέκυς.
1072 4005 1152 4055 neque
1168 3989 1349 4041 sis-auctorali
1366 3994 1573 4041 :monumentum
1589 3991 1744 4040 sortitus-est
1759 4003 1824 4038 mor·

215 4085 316 4143 Φτῑσαι
328 4082 352 4139 δ’
366 4081 416 4161 οὐχ
425 4079 465 4138 ότι
478 4079 569 4158 κέρδος
583 4077 726 4157 ἐπῄνεσεν,
743 4076 802 4135 ἀλλ’
815 4075 855 4136 ότι
870 4075 957 4143 κοινθς
1042 4083 1118 4132 Parce
1130 4094 1179 4131 non
1190 4080 1257 4144 quod
1266 4078 1365 4130 lucrum
1379 4079 1512 4143 appetivit,
1521 4079 1564 4130 sed
1574 4078 1642 4142 quod
1651 4090 1795 4129 communes

216 4174 1825 4208 .-.-...--.--------...-...-.------.

245 4248 360 4314 Quisquis
373 4263 408 4309 es,
420 4262 477 4311 ergo
487 4246 536 4295 sies
545 4245 627 4295 ebrius
642 4245 677 4294 ire
689 4244 759 4295 liure.
1043 4239 1187 4304 calvamque
1197 4238 1305 4288 Eurridici
1316 4238 1429 4304 triplum,
1442 4238 1577 4301 detritaque
1593 4235 1699 4284 membra

1076 4325 1098 4370 A
1112 4320 1192 4380 febre
1206 4336 1259 4385 qum
1271 4319 1343 4368 viridi
1357 4335 1422 4368 nunc
1437 4334 1533 4384 quoqne
1546 4316 1601 4366 salse
1611 4315 1698 4366 ilunni.

395 4379 454 4426 too.
471 4380 610 4418 sturionis
624 4381 808 4416 sarxsnonsnr.
1272 4402 1278 4414 ,

1045 4411 1078 4455 Ar
1087 4413 1113 4454 iu
1125 4419 1178 4470 quae
1187 4402 1249 4452 isrdo
1257 4417 1350 4451 caneres
1358 4400 1388 4449 de
1402 4415 1503 4465 corpore
1515 4413 1609 4457 ser-ros,

214 4502 267 4549 Hoc
282 4497 348 4561 cujrss
361 4494 407 4546 tuit
420 4497 466 4545 osi
484 4493 520 4542 νίε
532 4508 584 4542 eras
596 4502 655 4558 puio
668 4489 751 4540 tallere
762 4490 836 4556 pisces
1077 4490 1129 4538 Nec
1138 4501 1212 4553 parva
1223 4485 1335 4551 impende
1345 4492 1423 4543 terra,
1437 4497 1481 4531 trec
1492 4490 1542 4531 eslo
1553 4480 1618 4531 lem.

247 4578 365 4646 Impiger,
381 4586 423 4627 aut
434 4574 537 4641 gravidas
548 4574 652 4623 vendere
662 4573 728 4622 navis
738 4587 807 4621 onus.

213 4662 259 4716 Dic
268 4662 339 4727 ἱςὶῑιιτ
347 4658 453 4719 coactu,
464 4656 533 4707 nobis
541 4671 594 4722 spes
603 4670 699 4719 surgere
709 4655 809 4715 muliss3

248 4750 335 4798 Nostra
344 4744 385 4794 sed
396 4742 440 4792 bas
451 4741 477 4791 ia
490 4756 543 4807 spes
554 4738 635 4788 onmia
646 4737 764 4787 desinere.
1046 4725 1138 4791 Psyllos
1147 4721 1272 4773 amatrices
1288 4720 1359 4771 toties
1371 4720 1411 4786 qui
1420 4719 1517 4769 miserat
1526 4728 1618 4785 emptas

1081 4808 1244 4874 ταμιεῦσαι
1256 4805 1312 4854 rino
1327 4805 1381 4854 leta
1391 4801 1516 4864 sodalitia,

1048 4892 1094 4942 ilic
1104 4893 1179 4958 jacet,
1194 4888 1300 4939 incautas
1308 4886 1351 4953 qui
1364 4884 1561 4937 circumscribere
1573 4891 1664 4932 menies
1762 4874 1765 4881 ⁴

209 5002 268 5047 diac
279 4996 365 5047 tumuli
378 4995 422 5044 snb
434 4991 499 5043 mole
509 4991 556 5040 siri
574 4989 663 5056 premit
674 5004 726 5038 osso
738 4986 835 5037 nefandi
1023 5021 1029 5088 Ι
1080 4979 1171 5031 Norat,
1181 4983 1206 5024 et
1219 4973 1275 5023 iude
1286 4973 1380 5021 locrarm
1397 4979 1470 5037 turpe
1482 4982 1567 5034 parare
1576 4964 1633 5016 sibi.

249 5078 335 5129 iniciis
345 5078 432 5138 tellus,
445 5084 470 5125 et
479 5073 567 5124 furiale
578 5079 663 5136 capul;
1048 5063 1087 5112 Nc
1098 5070 1179 5110 temen
1195 5059 1221 5108 in
1235 5057 1353 5107 tumulum
1366 5054 1455 5121 lapides
1465 5052 1588 5118 jaculare,
1599 5049 1686 5109 sistor,

217 5163 313 5226 Corque
322 5161 390 5210 dolos
401 5159 493 5226 §pimus
502 5166 526 5206 et
535 5171 613 5205 serras
627 5154 677 5203 oris
691 5152 778 5201 oleariis
983 5166 994 5185 ν
1084 5145 1134 5193 Nec
1147 5140 1199 5191 fieri
1207 5139 1290 5205 jubeas
1299 5153 1305 5188 :
1315 5153 1353 5187 res
1365 5134 1496 5185 reserenda
1506 5132 1575 5182 cinis.

251 5245 385 5311 vinclaque
397 5241 495 5292 serviles
505 5248 665 5307 quaieauere
676 5237 760 5304 pedes,
792 5264 795 5267 -
869 5278 876 5285 .
952 5276 956 5281 ,
1050 5230 1208 5290 carcerom
1221 5231 1338 5289 questum
1355 5215 1483 5269 iecitssed
1498 5212 1595 5281 publica
1607 5210 1716 5278 prebeas

1270 4605 1328 4661 aas.
1347 4618 1425 4651 nasci
1443 4616 1606 4650 nnusnrnnn.

489 4873 547 4923 θοι.
566 4878 721 4913 σοικαουπι.
