3986 5950
215 350 273 410 rio
392 303 396 310 ¹
770 334 1033 405 'au'ruouoonn
1056 338 1260 408 susurrum

168 496 182 533 c
212 479 258 539 καί
270 477 371 560 σοόαρή
384 477 528 558 θεράπαινα
542 478 626 546 πύλας
640 477 771 560 σφίγξασα
784 478 914 557 μελάθρου

252 568 323 627 κεῖτο
333 566 488 646 χαλικρήτῳ
502 565 601 643 νάματι
616 565 767 646 βριθομένη.

212 655 322 735 Ἔμπης
336 654 366 716 ού
381 655 409 731 μ’
422 653 565 733 ε’φόόησαν·
578 655 635 713 ἐπεί
650 659 801 734 στρεπτῆρα
813 653 934 734 θυρίτρου

198 784 200 788 -
249 745 340 825 χερσίν
354 745 510 817 ἀδουπήτοις
524 744 598 824 βαιὸν
611 744 773 824 ἀειράμενος,

212 831 337 914 φρυκτοὺς
350 834 518 899 αίθαλόεντας
532 834 597 908 ἐμῆς
612 833 753 914 ριπίσμασι
764 830 856 903 λύπης

159 944 184 985 lo
251 921 361 982 έσόεσα·
377 922 423 982 καί
438 921 526 990 διαδὺς
538 921 642 1000 λέχριος
653 922 680 980 ἐν
695 919 805 1000 θαλάμῳ

210 1010 257 1083 τήν
270 1011 375 1090 φύλακα
388 1010 558 1071 κνώσσουσαν
571 1008 728 1089 ὑπέκφυγον·
738 1001 792 1081 ήκα
805 1007 832 1067 δὲ
846 1007 953 1089 λέκτρου

250 1100 337 1182 νέρθεν
351 1098 401 1160 ὑπὸ
413 1098 527 1179 σχοίνοις
538 1098 646 1178 γαστέρι
658 1097 814 1177 συρόμενος,

210 1190 347 1270 ὠρθούμην
359 1186 429 1247 κατὰ
444 1187 528 1268 βαιδν,
542 1185 594 1258 ὅπη
611 1186 690 1265 βατὸν
704 1185 798 1245 ἔπλετο
813 1189 912 1264 τεῖχος·

250 1276 314 1357 ἄγχι
326 1274 354 1334 δὲ
365 1280 412 1347 τῆς
425 1275 520 1354 κούρης
531 1273 635 1354 στέρνον
647 1275 823 1355 ἐρεισάμενος,

158 1384 182 1423 15
209 1363 306 1442 μαζούς
321 1363 368 1453 μέν
383 1364 550 1444 κρατέεσκον·
565 1362 731 1444 θπεθρύφθην
743 1360 770 1421 δέ
784 1361 930 1442 προσώπῳ,

249 1451 374 1530 μάστακα
389 1450 501 1511 πιαίνων
515 1450 615 1531 χείλεος
628 1450 732 1531 εθαφίφ.

209 1529 264 1600 Ἠν
275 1540 298 1599 δ’
311 1539 362 1627 ἄρα
375 1563 420 1618 μοι
432 1539 466 1598 τδι
476 1540 582 1686 λάφυρα
591 1539 672 1599 καλὸν
683 1538 781 1616 στόμα,
794 1539 840 1598 καί
851 1537 881 1598 τὸ
891 1536 992 1618 φίλημα

249 1628 380 1705 σύμόολον
395 1627 515 1707 ἕννυχίης
528 1651 539 1686 ε
552 1652 600 1707 χον
615 1625 782 1700 ἅεθλοσύνης.

208 1715 294 1777 Οὔπω
306 1717 328 1775 δ’
342 1715 495 1785 ἐξαλάπαξε
509 1715 586 1795 φίλης
600 1716 732 1795 πύργωμα
744 1715 860 1796 κορείης,

154 1822 181 1861 au
249 1808 308 1863 dil!
323 1803 360 1862 ἔτ’
373 1804 490 1884 ιἰδηρίτιρ
505 1803 642 1885 σφίγγεται
656 1803 784 1881 ἀμὸολίῃ.

207 1890 317 1970 Ἔμπης
331 1891 362 1963 ἣν
376 1891 474 1972 ἑτέροιο
489 1892 570 1968 μόθου
584 1891 722 1969 στήσωμεν
737 1894 840 1969 ἀγῶνα,

248 1980 291 2041 ναί
304 1980 375 2058 τάχα
389 1978 514 2058 πορθήσω
526 1978 616 2059 τείχεα
631 1976 786 2058 παρθενίης,

209 2071 237 2129 ού
253 2072 275 2129 δ’
289 2067 329 2128 ἔτι
344 2092 378 2146 με
390 2067 532 2148 σχήσουσιν
548 2068 676 2137 ἐπάλξιες.
690 2067 743 2127 Ἦν
756 2066 784 2125 δὲ
795 2063 904 2145 τυχήσω
912 2108 921 2137 ,
969 2140 972 2147 .

249 2157 389 2235 στέμματα
403 2157 444 2217 σοί
457 2155 558 2230 πλέξω,
570 2156 660 2236 Κύπρι
670 2154 851 2235 τροπαιοφόρε.

446 2360 515 2412 295.
538 2349 744 2411 ΛΕΟΝΤΙΟΥ.

208 2518 290 2579 Ψαῦε
305 2519 484 2599 μελισταγέων
497 2518 650 2594 στομάτων,
665 2517 760 2583 δέπας·
775 2507 861 2594 εὗρες,
878 2514 992 2594 όμελγε·

247 2612 276 2667 ού
290 2610 405 2691 φθονέω,
420 2608 468 2680 τήν
481 2607 529 2681 σήν
544 2606 568 2665 δ’
581 2607 673 2679 ήθελον
687 2598 764 2664 αἶσαν
779 2604 858 2684 ἔχειν.

401 2815 467 2865 ooo.
483 2803 653 2864 arsami
679 2803 790 2862 ενοι.
870 2766 874 2769 ’

207 2978 297 3048 Ἐξότε
310 2976 452 3056 τηλεφίλου
464 2974 674 3053 πλαταγήματος
687 2971 773 3051 ήχέτα
787 2969 886 3051 βόμύος

247 3065 363 3144 γαστέρα
378 3062 499 3141 μαντήιον
514 3060 618 3140 μάξατο
628 3059 779 3132 κισσυάίον,

206 3155 287 3234 ἔγνων
301 3158 336 3221 ὡς
349 3151 445 3235 φιλέεις
460 3174 508 3230 με·
519 3150 550 3209 τὸ
562 3151 584 3210 δ’
596 3148 704 3228 ἀτρεκὲς
716 3147 811 3207 αὐτίκα
825 3146 922 3215 πείσεις

247 3245 322 3314 εὐνῆς
336 3242 470 3323 ἡμετέρης
481 3238 613 3319 πάννυχος
627 3237 776 3319 ἁπτομένη.

206 3331 293 3392 Τοῦτό
307 3353 336 3388 σε
349 3328 401 3409 γδρ
415 3327 490 3396 δείξει
502 3326 671 3400 παναληθέα·
683 3325 744 3393 τοὺς
759 3326 786 3386 δὲ
802 3320 932 3402 μεθυστδις

244 3417 380 3499 καλλείψειν
395 3416 515 3493 λατάγων
527 3415 661 3494 παίγμασι
674 3414 855 3494 τερπομένους.

468 3617 531 3666 297.
551 3620 610 3663 ΤΟΥ
627 3618 733 3663 ΑΥΤΟΥ.

206 3776 318 3843 'duotore
331 3777 378 3833 ούκ
391 3774 448 3833 ἔστι
461 3775 535 3841 τόσος
546 3775 637 3847 πόνος,
649 3772 763 3839 θππόσος
776 3776 840 3848 ἡμῖν

244 3875 302 3931 ταῖς
314 3862 491 3942 άταλοψύχοις
503 3861 583 3943 ἔχραε
598 3859 762 3939 θηλυτέραις.

203 3955 266 4020 Τοῖς
280 3953 327 4030 μὲν
342 3952 395 4030 γάρ
406 3950 535 4029 παρέασιν
548 3949 684 4027 ὁμήλικες,
696 3940 734 4016 οἷς
747 3948 780 4006 τὰ
794 3946 924 4025 μερίμνης

245 4042 327 4117 άλγεα
343 4043 484 4116 μυθεῢνται
499 4037 628 4120 φθέγματι
643 4034 798 4116 θαρσαλέῳ,

204 4127 314 4208 παίγνιά
327 4131 351 4186 τ’
367 4124 527 4208 άμφιέπουσι
541 4123 693 4206 παρήγοροι,
704 4123 750 4183 καί
763 4122 821 4181 κατ’
836 4118 929 4198 αἰγυιδις

244 4220 259 4245 *
274 4217 417 4286 πλάζονται
426 4215 559 4296 γραφίδων
573 4212 698 4294 χρώμασι
711 4209 881 4293 ρεμόόμενοι·

204 4313 267 4386 ἡμῖν
283 4309 306 4366 δ’
319 4304 377 4366 οὐδὲ
391 4306 456 4388 φάος
469 4303 587 4364 λεύσσειν
602 4302 690 4379 θέμις,
703 4299 772 4359 tiit
785 4297 923 4378 μελάθροις

244 4394 426 4474 κρυπτόμεθα,
440 4397 558 4472 ζοφεραῖς
575 4390 692 4473 φροντίσι
706 4388 860 4467 τηκόμενοι.

1039 489 1075 534 Ac
1088 485 1156 536 ferox
1170 487 1276 551 famula,
1291 488 1384 540 toribus
1394 490 1530 541 constrictis
1539 490 1653 554 cubiculi,

1068 573 1166 637 lacebat
1176 589 1274 627 meraco
1282 576 1378 640 liquore
1389 581 1497 643 gravata.

1040 665 1153 715 Attamen
1161 678 1211 714 non
1218 678 1259 717 me
1267 669 1377 716 terruere
1391 686 1397 716 ι
1410 679 1468 716 nam
1480 666 1579 717 cardine
1585 665 1668 728 jannae

1069 753 1183 805 manibus
1190 756 1464 819 strepitum-vitantibus
1472 755 1601 820 paululum
1610 755 1751 819 amiterno,

1039 844 1107 909 mnes
1115 845 1229 897 ardentes
1238 847 1405 912 (ὶνεεινιιιιιι)
1422 847 1472 897 mei
1483 846 1642 900 ventilatione
1650 847 1717 911 pallii

1070 933 1186 996 emtinxi3
1199 935 1225 986 et
1236 937 1366 999 punctim
1379 935 1496 998 obliquus
1505 934 1531 984 in
1545 933 1687 985 cubiculum

1039 1021 1168 1073 custodem
1181 1021 1342 1075 dormientem
1351 1023 1441 1089 eburi,
1453 1023 1565 1088 clamque
1573 1022 1630 1075 lecti

1069 1111 1173 1163 inferius
1183 1111 1230 1163 sub
1243 1112 1335 1163 institis
1347 1116 1433 1163 ventre
1446 1124 1547 1176 repens,

1008 1248 1010 1255 ,
1039 1200 1210 1265 engebamme
1223 1201 1341 1265 pausum
1352 1214 1403 1265 qna
1416 1200 1516 1264 pervius
1530 1201 1584 1251 erat
1597 1213 1698 1258 murns3

1069 1292 1096 1339 et
1108 1289 1206 1353 propior
1217 1288 1306 1352 puella
1317 1287 1443 1353 adpectus
1457 1288 1563 1350 enitens,

1038 1390 1158 1429 mammas
1170 1376 1363 1441 prebendebam,
1378 1381 1403 1428 et
1415 1377 1569 1428 luxuriabam
1577 1376 1603 1427 in
1616 1389 1667 1439 ore,

1069 1464 1243 1515 lobium-virile
1252 1478 1356 1529 pascens
1368 1465 1427 1516 labii
1439 1463 1600 1516 mollitudine.

1038 1555 1096 1604 Erat
1107 1552 1194 1617 utique
1201 1553 1264 1603 mibi
1275 1553 1380 1616 spolirnn
1392 1553 1525 1618 pulchrum
1533 1565 1570 1615 os,
1582 1556 1608 1603 et
1616 1551 1713 1602 basium

1071 1641 1160 1707 pignus
1174 1642 1289 1693 nocturni
1301 1641 1422 1692 habebam
1431 1641 1580 1692 certaminis.

1037 1730 1152 1780 Nondum
1161 1734 1243 1781 autam
1257 1729 1346 1794 diripui
1360 1743 1425 1780 curm
1438 1729 1648 1794 propugnaculum
1659 1728 1819 1793 uirginitatis,

1069 1817 1114 1869 sed
1125 1817 1207 1869 adhuc
1219 1818 1489 1883 proelium-repudiante
1502 1817 1625 1868 clauditur
1634 1816 1759 1868 ddatione.

1038 1908 1151 1957 Attanren
1164 1906 1260 1957 aialius
1270 1920 1359 1972 pugnae
1371 1905 1487 1956 inibimus
1498 1908 1636 1967 sedamen,
1721 1966 1724 1972 Ι

1068 2009 1108 2045 um
1121 1996 1170 2046 cito
1181 1995 1284 2046 vastabo
1297 2007 1381 2046 muros
1392 1994 1547 2058 virginitatis,
1675 1992 1759 2057 [cutus
1770 2006 1822 2054 ero,

1038 2098 1118 2147 neque
1135 2098 1177 2135 me
1191 2084 1296 2149 amplius
1309 2083 1426 2135 arcebunt
1437 2082 1597 2133 munimenta.
1615 2080 1641 2132 si
1655 2082 1740 2133 aulem
1752 2092 1821 2131 asse·

1070 2186 1172 2224 coronas
1183 2173 1228 2247 tibi
1240 2173 1358 2237 plootam,
1373 2172 1446 2237 cypri
1454 2172 1665 2235 tropaea-portans.

1326 2362 1379 2408 295.
1397 2355 1532 2405 LEONTII.

1037 2521 1118 2583 Tange
1130 2517 1246 2569 melliflua
1258 2530 1314 2578 orn,
1325 2515 1454 2581 poculum!
1464 2513 1589 2579 reperisti,
1603 2525 1664 2577 suge
1682 2527 1688 2556 :

1067 2621 1117 2658 nou
1125 2606 1237 2667 invideo3
1252 2604 1297 2656 sed
1306 2604 1359 2669 ipse
1372 2606 1442 2654 tuam
1453 2602 1541 2655 vedum
1552 2603 1643 2653 sortem
1655 2599 1754 2651 babere.

1208 2833 1262 2878 291.
1273 2826 1421 2875 AGATHIAE
1438 2823 1647 2874 senonasrlcl.

1036 2972 1074 3019 Ex
1082 2982 1132 3032 quo
1139 2969 1195 3018 viui
1205 2966 1387 3029 sicut-telepbili
1395 2965 1537 3030 crepitantia
1545 2962 1665 3015 stridulus
1674 2960 1790 3025 strepitus

1067 3059 1178 3108 ventrem
1188 3055 1282 3106 tatium
1292 3054 1374 3119 tetigit
1386 3053 1483 3117 poculi,
1682 3048 1820 3113 [suadebis.

1036 3146 1094 3196 nori
1112 3147 1138 3196 ta
1158 3145 1326 3196 εεεοαῐιιίοεευ
1346 3142 1414 3193 mibi.
1430 3140 1504 3199 Quod
1516 3154 1603 3191 rerum
1619 3139 1651 3191 sit
1665 3138 1749 3190 statim
1764 3151 1820 3202 per·

1068 3233 1154 3284 cubilis
1166 3233 1244 3283 nostri
1256 3232 1538 3296 integrum-pernoctem
1552 3206 1682 3293 particeps.

1036 3321 1065 3374 ld
1076 3325 1102 3374 tu
1115 3321 1181 3373 enim
1192 3320 1339 3372 monstrabit
1358 3300 1585 3370 omninoreracem.
1604 3318 1662 3368 illos
1681 3319 1764 3368 autem
1780 3330 1820 3379 po·

1067 3414 1164 3464 mittam
1177 3410 1430 3464 laticnmcadentium
1445 3410 1502 3461 lusu
1510 3408 1709 3459 oblectantes-se.
1720 3405 1821 3470 [tutores

1315 3620 1368 3667 297.
1393 3624 1545 3668 EIUSDEM·

1034 3768 1171 3820 iuvenibus
1184 3781 1234 3818 nou
1245 3768 1284 3817 est
1294 3767 1379 3816 tantus
1393 3765 1476 3814 σαίνει
1486 3762 1563 3825 labor,
1577 3763 1684 3824 quantus
1697 3760 1782 3820 nobis.
1859 3822 1862 3826 Α

1065 3856 1175 3908 delicatis
1187 3854 1347 3915 mulieribus,
1361 3851 1456 3903 incidit.

1033 3947 1085 4000 Illis
1094 3946 1158 3997 euim
1169 3944 1259 3995 emunt
1267 3942 1388 4005 mundes,
1402 3939 1493 4003 quibus
1505 3950 1572 3988 curae

1065 4034 1162 4085 dolores
1173 4034 1274 4082 narrant
1289 4029 1381 4080 tidente
1393 4028 1517 4087 emtione,

1033 4126 1060 4175 et
1071 4122 1165 4174 ludicra
1177 4116 1444 4177 concomitantiam
1455 4127 1499 4179 per
1510 4113 1564 4163 rias

1064 4211 1216 4262 delectantur
1224 4207 1376 4272 picturarum
1386 4202 1509 4254 coloribus
1518 4202 1636 4265 vagantes
1651 4219 1659 4249 ι

1032 4300 1103 4352 nobis
1112 4313 1170 4351 vero
1183 4311 1214 4349 aa
1226 4297 1309 4347 luceru
1318 4293 1419 4357 quidem
1429 4292 1513 4343 ridere
1521 4290 1559 4341 las
1572 4292 1623 4350 est,
1632 4288 1677 4340 aed
1689 4285 1820 4338 m-mdibus

1064 4387 1224 4446 occultamur,
1235 4382 1346 4433 obscuris
1365 4377 1569 4431 sollicitudinibus
1581 4375 1817 4427 noscousumentcs.

205 4551 1808 4598 .-..-..--..----—-—-——--—---

504 4693 564 4757 ²95·
583 4708 693 4741 nrosrrr.

204 4838 284 4899 Tange
292 4832 354 4883 calix
365 4847 391 4880 οι
406 4829 477 4879 dulce
489 4828 543 4878 lavo
553 4828 625 4891 magis
639 4844 645 4878 :
659 4843 690 4876 en
705 4825 759 4890 tibi,
776 4840 833 4889 suge
847 4841 854 4873 z

238 4920 294 4968 Non
302 4914 412 4982 equidem
422 4912 532 4968 insideo,
543 4911 595 4972 aed,
606 4910 711 4976 quocies,
726 4924 776 4958 esse
789 4907 872 4957 velim,

430 5069 486 5117 ²97·
506 5064 624 5099 aarum
639 5062 766 5097 osannam.

179 5246 183 5253 ,
206 5192 262 5244 Non
275 5188 335 5241 tanti
343 5189 459 5256 juranum
469 5185 581 5237 divexant
590 5183 662 5236 corda
671 5181 767 5233 labores

1066 4685 1121 4730 lieu
1130 4679 1214 4744 quanti
1227 4676 1325 4725 miseras
1336 4690 1380 4723 nos
1388 4671 1508 4722 muliebre
1518 4686 1600 4736 genus.

1032 4767 1093 4814 Sunt
1106 4762 1153 4811 illis
1166 4774 1269 4824 aequaeva
1281 4756 1378 4818 cohors,
1396 4770 1497 4821 quorum
1509 4753 1582 4803 nudet
1592 4750 1617 4799 in
1629 4764 1698 4799 aures

1066 4846 1154 4895 Libera
1168 4860 1214 4892 vox
1230 4856 1298 4892 curas
1309 4855 1440 4890 exonerare
1451 4852 1513 4898 εααες

1033 4932 1093 4980 Sunt
1104 4926 1164 4976 varii
1179 4926 1242 4976 lusus
1253 4939 1260 4975 ι
1275 4931 1300 4972 et
1308 4937 1373 4972 nunc
1385 4937 1430 4987 per
1444 4916 1547 4984 compita
1558 4923 1661 4969 mrsunt,

1069 5011 1139 5059 Nune
1152 5006 1245 5057 animos
1258 5005 1322 5054 adae
1332 5004 1396 5070 picta
1405 5000 1493 5052 tabella
1506 5006 1586 5047 vocat.

1035 5090 1110 5143 Nobis
1118 5105 1163 5138 nec
1177 5088 1254 5138 lucem
1267 5086 1301 5135 tas
1314 5098 1414 5134 cernere
1427 5080 1572 5133 :condimur
1587 5077 1651 5127 intra

1069 5172 1178 5223 Claustra
1188 5171 1281 5232 domus,
1296 5167 1363 5218 tabes
1374 5181 1418 5215 nos
1430 5162 1471 5213 ubi
1483 5177 1545 5213 σασα
1559 5167 1638 5210 vorat.
1748 5218 1749 5221 χ
1781 5206 1798 5236 s
