3986 5950
634 364 759 435 CAPUT
778 363 815 422 V.
838 356 1116 423 EPIGRAMMATA
1139 354 1349 417 Autronii.

440 508 507 557 222.
529 498 709 557 ussewi.

407 637 447 690 Ei<
459 633 575 697 Ἀριάδνην
589 634 756 698 κιθαριστράδσ.

195 755 231 817 Εἴ
240 780 302 815 ποτε
314 756 361 835 μὲν
374 756 483 837 κιθάρης
495 757 649 839 ἐπαφήσατο
658 759 791 837 πλῆκτρον
808 758 902 816 ἑλοῦσα

233 845 331 924 κούρη,
350 845 520 927 Τερψιχόρης
536 846 688 923 άντεμελιζι
699 844 792 922 μίτοις·

196 933 220 994 ri
227 956 291 992 ποτε
301 933 328 992 δὲ
338 938 455 1014 τραγικῷ
469 933 609 1014 ῥοιζήματι
622 932 718 1013 ρήξατο
730 930 827 1013 φωνήν,

234 1026 314 1093 αὐτῆς
331 1021 506 1099 Μελπομένης
517 1020 617 1100 βόμόον
630 1020 813 1080 ἀπεπλάσατο·

195 1113 218 1169 εἰ
233 1110 260 1169 δέ
269 1111 315 1169 καὶ
327 1107 437 1190 ἀγλαΐης
452 1109 538 1192 κρίσις
551 1107 661 1182 ἵστατο,
673 1110 774 1186 μᾶλλον
787 1109 820 1166 ἂν
832 1103 899 1176 αθτή

234 1196 337 1279 Κύπρις
348 1199 470 1271 άνικήθη,
482 1197 634 1268 κάνεδθκαζε
649 1196 745 1277 Πάρις.

196 1287 264 1366 Σιγὴ,Ι
279 1287 320 1365 ἐρ’
331 1285 447 1363 ήμιύων,
457 1284 502 1345 ἵνα
515 1287 552 1362 μὴ
566 1286 691 1351 Διόνυσος
704 1283 818 1351 ἀκούσας

236 1376 288 1432 τῶν
298 1373 460 1454 Ἀριαδνεύων
473 1377 551 1445 ζῆλον
570 1373 627 1453 έχοι
640 1372 764 1453 λιχέων.’

408 1524 478 1577 m.
500 1515 763 1576 ΜΑΚΗΔΟΝΙΟΥ.

194 1653 344 1736 Φωσφόρι,
354 1653 391 1732 μὴ
403 1654 447 1715 τδν
457 1652 567 1737 Ἔρωτα
579 1655 685 1732 βιάζεο,
701 1647 768 1731 μηδὲ
784 1650 921 1725 διδάσκου,

234 1739 307 1824 Ἀρεῖ
323 1743 467 1821 γτιτονέων,
477 1743 567 1815 νηλεθς
577 1735 642 1823 ήτορ
656 1741 736 1822 ἔχειν·

194 1833 231 1899 ὡς
246 1832 273 1891 δὲ
288 1832 379 1913 πάρος,
392 1833 553 1910 Κλυμένηςό
570 1832 620 1889 όων
636 1833 776 1891 Φαέθοντα
792 1828 925 1909 μελάθρῳ,

236 1923 266 1979 ού
278 1921 372 2001 δρόμον
384 1922 524 1995 ὠκυπόδην
535 1856 604 2000 ιέχες
614 1922 656 1979 ἐπ’
668 1918 803 1991 άντολίης,

196 2006 263 2067 ούτω
276 2030 321 2088 μοι
336 2008 397 2089 περὶ
408 2007 504 2083 νύκτα,
520 2008 596 2089 μόγις
612 2007 732 2068 ποθέοντι
744 2011 881 2087 φανεῖσαν,

236 2096 311 2177 ἔρχεο
326 2097 452 2171 δηθύνων,
462 2101 496 2165 ὡς
506 2097 580 2177 παρά
597 2095 763 2175 Κιμμερίοις.

419 2264 421 2269 ’
455 2243 517 2294 224.
537 2244 596 2290 ΤΟΥ
613 2244 722 2289 ΑΥΤΟΥ.

198 2369 282 2441 Λῆξον
294 2369 384 2452 Ἔρως
396 2370 506 2451 κραδίης
517 2394 548 2429 τι
559 2370 606 2429 καλ
618 2368 728 2441 ήπατος·
740 2370 763 2427 εἰ
778 2369 801 2424 δ’
820 2368 955 2443 ἐπιθυμεῖς

236 2458 362 2538 βάλλειν,
376 2459 441 2518 ἄλλο
455 2458 482 2518 τά
497 2481 548 2534 μου
566 2461 618 2516 τῶν
638 2455 737 2534 μιλίων
752 2452 866 2531 μιτάύα.
936 2471 938 2476 ·

458 2610 521 2661 225.
542 2611 601 2658 ΤΟΥ
618 2609 725 2656 ΑΥΤΟΥ.

197 2737 295 2806 Ἕλκος
308 2737 363 2819 ἔχω
377 2738 420 2799 τὸν
435 2738 531 2820 ἔρωτα·
544 2737 597 2818 ῥέει
612 2735 639 2795 δέ
652 2758 696 2813 μοι
708 2735 796 2801 ἕλκεος
810 2730 890 2813 ἰχὼρ,

238 2826 360 2903 δάκρυον,
375 2828 486 2899 ὠτειλῆς
496 2824 591 2886 οὔποτε
604 2823 771 2905 τερσομένης.

199 2915 265 2993 Elpl
276 2911 328 2991 γθρ
339 2919 369 2975 ἐκ
381 2915 526 2987 κακότητος
539 2914 692 2995 ἀμήχανος,
705 2911 765 2971 οὐδὲ
778 2908 899 2990 Μαχάων

238 3003 305 3073 ἤπιά
326 3027 372 3081 μοι
383 3003 481 3063 πέσσει
493 3004 621 3084 φάρμακα
634 3000 779 3081 δευομένῳ.

197 3090 319 3170 Τήλερός
330 3095 400 3169 ripe,
413 3092 493 3171 κόρη,
509 3089 540 3150 σθ
556 3090 583 3149 δὲ
594 3092 664 3168 γένεο
678 3086 769 3153 πιστὸς
784 3083 931 3165 Ἀχιλλεύς·

239 3179 331 3238 κάλλεΐ
346 3181 384 3260 σῷ
398 3185 499 3238 παῦσον
511 3178 554 3238 τδν
572 3178 664 3252 πόθον,
683 3179 719 3243 ὣς
731 3173 835 3240 έύαλες.

319 3330 389 3381 226.
408 3320 565 3380 unitor
590 3314 878 3378 ΣΙΛΕΝΤΙΑΡΙΟΥ.

207 3459 368 3541 operiret,
383 3459 427 3518 τέο
442 3458 534 3539 μέχρις
550 3460 680 3541 άρύσσετε
693 3458 789 3533 νέκταρ
804 3451 941 3535 Ἐρώτων,

240 3550 350 3616 κάλλεος
361 3547 477 3626 ἀκρήτου
493 3548 640 3627 ζωροπόται
656 3549 778 3627 θρασέες

1295 509 1350 553 222.
1364 503 1521 554 AGATHIAE.

1245 636 1271 677 ln
1286 633 1397 678 Ariadnen
1412 634 1578 681 citmrutrlarn.

1019 755 1045 805 Si
1054 753 1152 818 quando
1161 753 1261 806 cithare
1269 754 1391 819 plectrum
1402 758 1528 820 sumptum
1536 756 1617 821 tetigit

1051 844 1146 907 puella,
1156 843 1330 908 Terpsichores
1342 843 1588 909 cantu-respondebat
1597 845 1695 897 chordis

1020 930 1041 981 si
1053 930 1150 995 quando
1161 934 1244 983 autem
1254 931 1347 996 tragico
1356 932 1459 996 strepitu
1474 933 1542 998 rupit
1552 947 1647 1000 rocem,
1764 973 1767 981 .

1051 1018 1127 1083 ipsius
1140 1019 1305 1084 Melpomenes
1316 1018 1434 1069 bombum
1443 1018 1573 1084 expressim
1650 1019 1715 1087 [ipsa
1730 1023 1803 1074 etiarn

1021 1109 1046 1158 et
1055 1107 1077 1158 si
1088 1108 1162 1159 etiam
1180 1106 1212 1158 de
1223 1108 1354 1159 venustate
1362 1107 1486 1172 judicium
1495 1108 1695 1171 constitueretur,
1717 1111 1802 1174 potius

1053 1196 1139 1260 cypris
1149 1195 1289 1247 vlrrccretur
1301 1197 1327 1247 et
1339 1195 1405 1246 Paris
1413 1195 1782 1260 reionnaretiudlcinmsuum.

1022 1285 1104 1333 Tacite
1117 1282 1181 1335 inter
1192 1296 1239 1335 nos
1250 1280 1304 1334 hec
1317 1281 1453 1345 dicamus,
1463 1296 1514 1346 quo
1523 1297 1554 1334 ne
1562 1284 1675 1337 Bacchus
1686 1285 1789 1337 eudicus

1054 1371 1166 1423 Αιιιιδπεί
1176 1371 1251 1436 hujus
1260 1371 1406 1435 zelotypiam
1418 1372 1537 1436 concipiat
1544 1372 1611 1424 lecti.

1176 1514 1179 1529 ‘
1282 1516 1336 1562 223.
1353 1514 1538 1563 ΜΑΟΕΒΟΝΙΙ.

1023 1642 1127 1703 Lucifer,
1138 1655 1169 1692 ne
1178 1643 1260 1693 Amori
1267 1644 1396 1705 viru-ulter,
1409 1657 1459 1694 neu
1470 1644 1546 1705 disce,

1055 1729 1127 1780 Marti
1137 1729 1242 1793 ricinus,
1256 1731 1429 1783 immisericors
1440 1731 1531 1784 hahere
1544 1746 1595 1796 cor,

1024 1816 1068 1867 sed
1080 1818 1144 1867 sicut
1156 1817 1259 1881 pridem,
1268 1818 1398 1881 hlyrnenes
1409 1819 1435 1868 in
1442 1817 1515 1869 domo
1523 1818 1611 1870 ridens
1620 1821 1807 1884 Phaethontem,

1055 1918 1154 1955 cursum
1165 1919 1213 1954 non
1222 1903 1331 1956 habebas
1339 1906 1499 1970 celeripedem
1506 1921 1594 1958 uersus
1602 1912 1698 1971 ortum,

1025 1993 1060 2043 sic
1072 1991 1131 2042 milri
1147 1991 1211 2041 circe
1221 1994 1327 2053 noctem,
1341 2005 1398 2056 quae
1412 1992 1520 2056 cupienti
1533 1993 1575 2043 rix
1588 1995 1709 2058 apparuit,

1056 2078 1111 2128 veni
1122 2078 1356 2143 cum-longamora,
1372 2080 1440 2129 sicut
1448 2080 1514 2144 apud
1527 2082 1680 2134 Cimmerios.

1303 2232 1356 2279 224.
1380 2239 1535 2283 BJUSDEH·

1026 2370 1116 2430 cessa,
1130 2373 1210 2429 Amor,
1221 2381 1235 2417 a
1248 2366 1322 2417 corde
1332 2370 1357 2417 et
1365 2369 1447 2431 jecore
1459 2366 1597 2434 seriesdc5
1611 2370 1648 2418 sin
1662 2371 1732 2434 cupis

1057 2456 1144 2516 lenire,
1160 2456 1186 2506 in
1194 2454 1261 2506 aliud
1270 2467 1383 2505 meorum
1395 2454 1562 2504 mmnhrorunn
1572 2457 1658 2506 hausi.

1304 2599 1357 2644 225.
1381 2603 1529 2646 museum.

1028 2737 1105 2787 Ulcus
1113 2736 1192 2786 haheo
1204 2736 1327 2794 amorem3
1340 2735 1444 2799 luitque
1456 2735 1517 2785 mihi
1526 2735 1615 2786 ulceris
1624 2749 1717 2800 serum,

947 2876 949 2880 ς
1058 2824 1166 2885 lacrima,
1178 2824 1280 2874 vulnere
1291 2837 1459 2888 non-unquam
1471 2824 1570 2875 siccato.

1027 2914 1088 2961 Sum
1108 2915 1214 2966 eulmen
1226 2925 1256 2962 eo
1269 2912 1334 2963 malo
1346 2911 1503 2977 egerrimm,
1514 2926 1560 2964 uec
1571 2914 1690 2965 Machaon

1058 3000 1122 3051 lenia
1130 3000 1190 3050 mihi
1199 3000 1315 3066 inspergit
1328 3000 1505 3053 medicamenta
1520 3000 1636 3067 indigenti
1646 3005 1686 3054 tte.

1028 3087 1151 3152 Telephus
1163 3102 1229 3149 suns,
1239 3089 1317 3154 virgo,
1328 3091 1358 3140 tu
1371 3091 1457 3141 autern
1469 3088 1516 3140 das
1527 3089 1593 3141 lidus
1608 3090 1712 3143 Achilles
1725 3112 1733 3144 ι

1060 3179 1190 3228 ιοιιιιιιιιιο
1199 3178 1244 3227 tua
1257 3176 1317 3227 seda
1328 3177 1491 3239 desiderium,
1507 3181 1537 3229 ut
1551 3179 1665 3243 injecisti.

1231 3339 1285 3383 226.
1305 3335 1396 3383 PAULI
1414 3337 1609 3386 leENTltttll.

1030 3469 1111 3530 Oculi,
1126 3483 1259 3533 quousque
1268 3470 1373 3521 hauritis
1383 3473 1468 3521 nectar
1479 3477 1598 3523 Amorum
1609 3513 1615 3535 ,

1060 3568 1136 3606 meroe
1146 3555 1334 3619 pulchritudinis
1345 3558 1470 3620 potatores
1480 3557 1605 3609 audaces?

206 3693 1810 3724 .--.------..-------.-..-...,

424 3786 483 3819 222.
507 3786 621 3818 ΔθλΤΙΙΥΙ
635 3787 765 3837 onerent,

453 3913 484 3963 de
497 3914 609 3964 Ariadne
618 3914 733 3983 fidicina.

200 4044 273 4107 Virgo
284 4043 356 4094 iidem
369 4045 465 4107 quoties
475 4044 567 4109 plectro
579 4045 695 4109 percussit
707 4045 808 4107 eburno,
884 4078 887 4085 ·

232 4126 397 4193 Terpsichore
407 4126 453 4176 filis
462 4127 547 4176 emula
558 4126 599 4176 hta
609 4139 699 4179 movet.

201 4215 229 4260 ln
243 4209 344 4275 tragicos
351 4208 434 4259 cadem
449 4225 531 4259 vocem
544 4210 564 4258 ai
577 4210 653 4259 solvat
667 4209 758 4273 hiatus,

234 4296 289 4342 Non
305 4294 324 4342 ir
337 4293 495 4358 Melpomene
509 4293 585 4357 mejor
596 4293 627 4341 ab
636 4308 679 4342 ore
690 4309 770 4344 sonus.

202 4377 271 4437 Quod
285 4376 346 4426 side
360 4375 437 4425 iornra
445 4375 535 4425 inerint
546 4375 689 4437 certamina,
702 4377 783 4426 vincet

236 4460 266 4505 st
278 4461 407 4518 Venerem,
421 4457 494 4522 judex
504 4458 535 4507 sit
546 4457 602 4506 licet
615 4457 666 4522 ipse
677 4458 752 4508 Paris.

203 4537 249 4589 Sed
261 4536 360 4587 mcuiase
371 4537 430 4588 mihi
439 4538 535 4601 melius,
546 4553 578 4586 uc
586 4573 593 4595 ‚
602 4538 622 4586 si
631 4539 712 4588 audiat
725 4543 802 4600 lirun,

237 4623 342 4669 Remum
355 4619 488 4669 Ariadneos
502 4628 599 4684 appetat
608 4619 658 4684 ipse
670 4629 746 4671 toros.

421 4756 478 4804 223.
493 4770 631 4803 ιισιοοιιιι
647 4772 770 4805 cossurus.

207 4887 242 4936 tle
252 4884 283 4934 de
294 4882 374 4933 ricino
385 4882 430 4932 tibi
442 4883 472 4933 rit
486 4882 631 4932 truculentia
644 4887 734 4939 Marte,

236 4965 390 5035 Phosphoro,
404 4982 449 5016 nec
462 4966 534 5017 turha
545 4966 622 5016 dulcis
629 4967 717 5016 umoris
726 4983 803 5034 opus:

204 5052 251 5103 Sed
261 5051 329 5100 reiut
337 5052 414 5099 Eoum
425 5049 512 5099 venisti
522 5049 604 5099 tardus
612 5051 647 5100 ad
656 5066 725 5100 axem

238 5137 268 5184 ln
279 5133 406 5201 Clymenes
417 5130 523 5183 thalamo
534 5134 589 5184 sole
598 5131 710 5184 trahente
723 5148 811 5197 morus,

1029 3748 1067 3797 Sic
1075 3746 1134 3796 mihi
1145 3748 1184 3797 rix
1199 3747 1294 3796 tandem
1305 3757 1400 3814 sperata
1413 3758 1484 3799 noete
1495 3750 1581 3816 perito,

1062 3833 1141 3891 Serus,
1155 3829 1284 3881 Cimmerio
1296 3830 1373 3896 qualis
1382 3831 1407 3879 in
1418 3831 1488 3893 orbe,
1498 3829 1565 3883 νειιί.

1324 3976 1382 4025 aut.
1404 3985 1522 4018 rrusnsrr.

1029 4077 1093 4124 Dum
1105 4075 1174 4140 jecur
1187 4074 1303 4125 intactum
1317 4075 1377 4124 milri
1387 4092 1478 4142 corque
1492 4078 1585 4143 Cupido
1600 4080 1738 4146 relinquas,

1064 4160 1100 4205 De
1112 4156 1225 4206 membris
1238 4157 1290 4207 aliis
1303 4157 1363 4222 elige
1378 4159 1442 4224 quod
1455 4157 1536 4209 serias.
1574 4188 1576 4192 ·

1328 4294 1385 4341 225.
1406 4310 1524 4341 rrusnru.

1032 4400 1073 4446 Fst
1089 4396 1148 4445 mihi
1161 4398 1247 4447 surinus
1259 4414 1326 4447 emor
1342 4415 1348 4442 ι
1361 4398 1438 4447 sanies
1449 4400 1479 4447 de
1493 4399 1591 4449 vulnere
1602 4412 1682 4453 manat

1065 4485 1180 4546 lacryma
1195 4496 1202 4527 ι
1216 4481 1299 4529 siccari
1310 4481 1378 4546 plaga
1393 4479 1513 4546 profunda
1525 4491 1604 4547 negat.

1032 4565 1083 4611 Nee
1097 4562 1256 4610 revalescendi
1268 4577 1321 4627 apes
1330 4572 1366 4612 cst
1380 4578 1451 4629 super
1466 4578 1473 4612 ι
1487 4564 1536 4630 ipse
1550 4565 1669 4616 Machaon

1034 4678 1037 4683 >
1066 4644 1123 4704 Nil,
1134 4644 1198 4692 virus
1207 4652 1299 4692 tanturn
1313 4659 1361 4711 quo
1375 4645 1517 4707 medicetur,
1531 4646 1613 4700 habet.

1031 4725 1153 4793 Telephus
1164 4742 1194 4775 en
1203 4726 1309 4777 tibisum
1323 4743 1329 4778 :
1343 4739 1441 4785 meatu,
1458 4728 1518 4779 mihi
1528 4738 1554 4781 te
1563 4730 1601 4782 tac
1613 4733 1749 4799 Achillem

1066 4812 1097 4858 Et
1110 4808 1310 4873 flammamseda,
1324 4819 1449 4879 quamtus
1463 4810 1540 4863 torma
1553 4813 1620 4865 iacit.

1259 4952 1317 5001 nod.
1334 4967 1409 5000 uruur
1426 4968 1586 5003 sununrrnnu.

1033 5056 1093 5120 Quis
1105 5058 1188 5108 modus
1201 5059 1317 5121 aurinis,
1331 5061 1412 5112 bibitis
1426 5062 1491 5128 quud
1500 5073 1582 5113 nectar
1591 5079 1701 5116 aurorum

1067 5138 1139 5189 Ebria
1146 5141 1176 5191 de
1187 5140 1366 5195 iormaelumina
1378 5144 1438 5216 flore
1446 5150 1534 5197 mero?

1690 5240 1711 5282 7.
