3986 5950
203 330 244 390 us
763 324 1019 388 ANTHOLOGIAE
1041 325 1244 389 PALATINAE

263 526 267 529 ,
303 469 372 519 218.
399 461 567 521 Assoron·
587 460 870 521 ΣΧΟΛΛΣΤΙΚΟΥ.

198 598 251 660 'lto
267 600 378 680 σοόαρδν
392 600 557 678 Πολέμωνα,
568 602 612 659 τὸν
630 603 657 659 ἐν
671 600 800 681 θυμέλῃσι
813 600 968 681 Μενάνδρου

237 690 361 771 κείραντα
375 690 515 771 γλυκεροθς
531 695 579 763 τῆς
596 691 694 770 άλόχου
708 690 876 766 πλοκάμους,

197 782 335 859 ὁπλότερος
351 777 481 856 Πολέμων
495 778 647 856 μιμήσατο,
663 777 754 837 καὶτὰ
769 776 915 851 Ῥοδάνθης

238 866 372 947 βόστρυχον
384 868 542 945 παντολμοις
555 865 646 947 χερσὶν
661 861 800 945 ἐληΐσατο,

159 966 174 1009 ι
197 954 243 1013 καὶ
258 959 393 1039 τραγικοῖς
407 954 517 1035 ἀχέεσσι
527 955 558 1014 πθ
570 954 687 1031 κωμικθν
701 953 775 1035 ἔργον
790 954 918 1035 ἀμείψας,

238 1043 361 1121 μάστιξεν
379 1045 484 1125 βαδινῆς
499 1045 568 1123 ἅψεα
583 1043 737 1121 θηλυτέρης.

197 1132 350 1210 Ζηλαμανὲς
359 1133 390 1192 τὸ
405 1132 538 1209 κόλασμα·
553 1131 580 1192 τέ
593 1132 645 1213 γὰρ
657 1131 734 1192 τόσον
749 1132 823 1205 ἤλιτε
839 1131 932 1212 κούρη,

236 1221 308 1299 eipso
320 1220 507 1301 κατοικτεέρειν
521 1221 599 1293 ἤθελε
612 1220 779 1301 τειρόμενον;

197 1310 338 1390 Σχέτλιοςθ
350 1309 511 1392 ἀμφοτέρους
523 1309 550 1368 δὲ
568 1307 707 1388 διέτμαγε,
722 1306 801 1389 μέχρι
815 1307 861 1366 καὶ
876 1309 954 1365 αὐτού

157 1404 183 1445 ¹⁰
237 1396 388 1476 βλέμματος
403 1397 529 1471 ένατήσας
544 1396 642 1457 αἴθοπα
656 1396 815 1476 βασκανέην.

195 1485 264 1544 Ἀλλ’
276 1484 363 1564 ἔμπης
381 1473 480 1544 τελέθει
497 1483 677 1560 Μισούμενος·
689 1483 773 1564 αύτδιρ
799 1483 881 1563 ἔγωγε

234 1571 378 1647 Δύσκολος,
390 1575 440 1653 ούχ
451 1572 533 1654 ὁρόων
547 1571 596 1645 τὴν
611 1572 847 1653 Περικειρομένην.

308 1723 378 1776 219.
399 1715 557 1775 uersor
578 1712 863 1775 ΣΙΑΕΝΤΙΑΡΙΟΥ.

194 1854 351 1936 Κλέψωμεν,
365 1853 495 1929 Ῥοδόπη,
513 1854 547 1913 τδ
563 1852 720 1935 φιλήματα,
736 1852 785 1925 τήν
798 1852 823 1913 τ’
837 1853 973 1935 ἐρατεινὴν

233 1942 279 2003 καλ
292 1942 460 2023 περιδήριτον
477 1941 610 2024 Κύπριδος
624 1941 762 2023 ἐργασίην.

194 2030 260 2091 Ἡδὺ
271 2032 376 2106 λαθεῖν,
389 2030 514 2111 φυλάκων
527 2055 555 2090 τε
568 2030 707 2111 παναγρέα
722 2030 816 2088 κανθθν
829 2029 938 2099 ἀλύξαι·

232 2117 319 2199 φιθρια
332 2120 357 2178 δ’
371 2118 513 2201 άμφαδέων
523 2117 623 2197 λέκτρα
639 2116 823 2200 μελιχρότεροι.

311 2270 379 2323 220.
393 2261 565 2323 Aineion
584 2262 860 2323 ΣΧΟΑΑΣΤῙΚΟΥ.

189 2406 224 2465 Εἰ
233 2403 278 2462 καλ
289 2410 332 2464 νῦν
344 2403 423 2474 πολιή
439 2426 468 2463 σε
478 2402 638 2477 κατεύνασε,
651 2403 697 2463 καλ
708 2401 739 2462 τὸ
754 2401 883 2483 θαλυκρθν

228 2496 299 2554 κεῖνο
311 2492 502 2572 κατημόλύνθη
517 2493 623 2573 κέντρον
636 2491 798 2575 ἐρωμανίης,

188 2580 302 2665 ὤφελες,
315 2573 338 2642 lt
354 2582 518 2656 Κλεόύουλε,
536 2581 631 2648 πόθους
641 2581 760 2654 νεότητος
769 2580 903 2659 ἐπιγνούς,

228 2677 273 2731 νῦν
286 2672 331 2731 καὶ
345 2669 519 2748 ἔποικτεθρειν
536 2671 687 2748 ὁπλοτέρων
697 2668 806 2744 ὀδύνας,

188 2762 250 2838 μηδ’
266 2759 309 2820 tel
324 2763 377 2828 τοῖς
391 2761 472 2830 ξυνοῖς
483 2758 582 2818 κοτέειν
598 2757 683 2835 μέγα,
700 2754 768 2833 μηδὲ
778 2756 886 2831 κομάων

227 2849 275 2920 τὴν
290 2847 396 2929 βαδινὴν
413 2847 508 2927 κούρην
524 2845 639 2923 πάμπαν
655 2842 831 2923 άπαγλαΐσαι.

188 2937 257 2999 ’riori
266 2937 364 3017 πατρὸς
377 2941 410 3017 τῇ
424 2933 500 2994 παιδλ
512 2934 594 3014 πάρος
604 2934 740 3012 μεμόλησο
751 2932 864 3012 ταλαίνῃ
871 2977 881 3008 ,

227 3026 325 3085 καλνῦν
341 3022 462 3097 ἐξαπίνης
476 3022 619 3088 άντόπαλος
637 3021 754 3100 γέγονας.

297 3175 364 3226 221.
385 3164 545 3226 ΠΑΥΛΟΥ
566 3163 859 3224 ΣΙΛΕΝΤΙΑΡΙΟΥ.
929 3242 933 3251 ⁸

187 3309 278 3390 Μέχρι
292 3307 363 3376 τίνος
379 3305 542 3388 φλογόεσσαν
558 3302 768 3371 θποκλέπτοντες
781 3301 892 3374 ὀπωπὴν

228 3397 325 3481 φώριον
338 3394 462 3468 ἀλλήλων
479 3392 589 3475 βλέμμα
599 3391 794 3470 τιτυσκόμεθα;

187 3488 292 3549 λεκτέον
310 3485 448 3567 ἀμφαδίην
461 3481 643 3561 μελεδήματα·
658 3479 707 3554 κήν
719 3503 759 3549 τις
769 3477 846 3560 ύρύξη

229 3574 354 3653 μαλθακὰ
365 3572 506 3634 λυσιπόνου
521 3570 663 3650 πλέγματα
678 3567 812 3648 συζυγέης,

189 3664 329 3745 φάρμακον
343 3660 501 3741 ἀμφοτέροις
516 3657 587 3739 ξίφος
598 3658 713 3716 ἔσσεται·
722 3655 796 3728 ἥδιον
808 3653 871 3731 ἡμῖν

229 3749 300 3818 ξυνὸν
315 3750 355 3808 αἰεὶ
367 3748 489 3827 μεθέπειν
502 3745 519 3818 ἢ
533 3746 589 3825 βίον
604 3744 621 3817 ἢ
634 3743 753 3803 θάνατον.

1193 483 1248 529 ars.
1266 479 1413 529 suarum
1429 480 1642 531 scuosrsrrcr.
1740 464 1753 489 '¹

1029 608 1167 673 Superbum
1183 610 1353 673 Polemonem,
1367 611 1411 676 qui
1425 612 1450 661 in
1463 625 1537 664 scena
1547 612 1674 664 Menandri

1059 697 1146 749 tondet
1157 711 1247 749 suares
1257 699 1368 765 conjugis
1381 713 1433 751 sna
1443 700 1532 763 crines,

1024 789 1108 852 Junior
1117 788 1234 838 Polemon
1245 788 1355 839 imitatus
1363 791 1416 852 est,
1427 791 1452 840 et
1461 788 1620 840 iitrodanthes

1059 875 1199 926 cincinnum
1213 874 1385 927 audacissimis
1399 876 1513 927 manibus
1527 878 1647 939 vastarit,

1027 967 1053 1015 et
1063 978 1121 1014 eum
1131 964 1231 1029 uanos
1246 963 1373 1015 aaronem
1384 965 1507 1016 muscum
1518 950 1612 1017 laeum
1624 967 1779 1029 permutans,

1059 1052 1190 1117 flagellavit
1198 1053 1295 1118 macilis
1305 1053 1416 1104 membra
1427 1053 1546 1104 mulieris.

1028 1140 1268 1205 insane-zelotypiae
1278 1138 1334 1191 haec
1344 1140 1448 1192 verbera
1459 1139 1536 1205 :quid
1549 1141 1615 1192 enim
1624 1143 1721 1191 uatum
1729 1154 1813 1205 pecca

1059 1229 1080 1279 si
1091 1229 1257 1279 commiserati
1265 1242 1306 1280 me
1317 1228 1396 1280 voluit
1408 1228 1547 1280 afflictum?
1670 1228 1721 1293 [rit
1730 1228 1812 1293 ringo,

1028 1318 1114 1369 Miseri
1124 1321 1150 1369 et
1161 1317 1248 1368 arnbos
1259 1317 1379 1379 seiunxit,
1390 1330 1471 1381 usqua
1484 1316 1610 1382 adipsum

1058 1406 1141 1457 msam
1153 1405 1298 1470 interposita
1307 1405 1404 1456 ardenti
1414 1404 1515 1456 invidia

1026 1493 1091 1545 Nihil
1103 1498 1186 1546 tamen
1194 1495 1279 1546 ellecit
1287 1494 1336 1546 nisi
1347 1494 1414 1559 quod
1427 1497 1479 1560 jam
1490 1496 1529 1545 est
1538 1493 1660 1556 Odiosus,
1670 1497 1695 1544 at
1706 1506 1751 1557 ega

1057 1584 1157 1649 Tristis,
1170 1598 1219 1634 uon
1238 1583 1325 1634 ridens
1341 1584 1546 1634 circumtonsam.

1226 1726 1280 1773 uo.
1296 1724 1389 1772 nrum
1405 1723 1602 1791 sunnrrsan.

1026 1863 1155 1922 Furemur,
1167 1860 1291 1925 Rhodope,
1304 1862 1389 1912 oscula
1399 1864 1425 1913 et
1434 1862 1547 1922 emanire,

1056 1948 1147 2012 dequo
1159 1948 1232 1999 etiam
1246 1947 1465 2013 pugnandum-est,
1477 1947 1590 2012 Cypridis
1602 1960 1674 2011 opus.
1707 1946 1810 2011 [νίίσιος

1025 2038 1106 2086 Suara
1112 2035 1189 2087 latere
1198 2039 1223 2087 et
1233 2034 1366 2087 custodum
1375 2034 1702 2100 cuncta-deprehendentem
1708 2034 1808 2086 oculoru

1056 2124 1147 2175 furtiva
1158 2127 1241 2176 auum
1250 2124 1342 2190 apertis
1350 2124 1473 2181 connubia
1485 2122 1547 2175 suut
1556 2123 1748 2186 mellita-magis.

1188 2272 1242 2316 220.
1263 2268 1413 2318 AGATHIAE
1435 2267 1648 2317 sclloussrlcr.

1023 2395 1075 2446 Etsi
1086 2408 1153 2446 nunc
1162 2395 1264 2447 canities
1277 2399 1303 2446 te
1314 2396 1414 2460 sopivit,
1428 2398 1453 2447 et
1466 2394 1577 2446 fervidus

1052 2484 1093 2536 ille
1102 2484 1282 2553 helpetatusest
1291 2484 1408 2535 sumnus
1417 2482 1644 2543 amatorii-furoris,

1022 2570 1141 2637 debebas,
1156 2589 1172 2624 ο
1188 2573 1316 2636 Cleobule,
1334 2585 1450 2623 amorum
1456 2570 1595 2637 juventutis
1607 2570 1761 2632 recordatus,

1052 2648 1202 2715 nuncetiam
1214 2663 1381 2714 commisereri
1392 2662 1589 2713 natu-minorum
1601 2661 1707 2722 dolores,

1020 2765 1067 2803 nec
1076 2751 1108 2803 ds
1122 2751 1295 2803 cammumbus
1309 2750 1381 2801 irasd
1393 2749 1561 2811 vehementer,
1577 2762 1624 2800 nec
1634 2762 1761 2805 comarum

1052 2839 1141 2890 decore
1151 2838 1265 2904 medem
1276 2837 1385 2902 puellam
1393 2836 1493 2902 penitus
1501 2837 1605 2901 privare.

1020 2927 1078 2978 ’Δντὶ
1088 2930 1174 2993 πατρὸς
1184 2928 1224 2991 (ut
1230 2928 1308 2991 pater)
1316 2925 1374 2975 truie
1382 2925 1472 2991 puelle
1478 2927 1551 2976 auten
1561 2937 1693 2975 cursores
1701 2924 1808 2987 misera,

1052 3019 1078 3068 et
1089 3029 1156 3067 nunc
1167 3014 1250 3068 subito
1257 3014 1381 3072 ἀντίπαλος
1394 3013 1574 3079 (adversarius)
1583 3013 1664 3065 natus
1678 3026 1714 3065 es.

1222 3165 1276 3210 ont.
1299 3160 1392 3208 usust
1410 3157 1606 3208 susurranti

1020 3307 1165 3368 Quousque,
1176 3301 1302 3353 ardentem
1314 3299 1467 3350 occultantes
1479 3297 1606 3359 obtutum,

1054 3393 1174 3445 lirrtirum
1188 3391 1369 3443 in·nos·mutuo
1380 3388 1480 3440 oculum
1491 3387 1615 3453 jacimus?

1021 3485 1104 3549 aperte
1112 3480 1293 3533 densarunt
1305 3492 1388 3536 ουτω
1401 3479 1426 3527 et
1440 3476 1527 3540 siquis
1539 3474 1655 3538 impediat

1050 3575 1149 3624 aneos
1164 3564 1455 3620 doloribus-exsolventis
1465 3562 1596 3627 amplexus
1607 3559 1724 3611 connubii
1731 3593 1738 3621 ,

1020 3659 1155 3711 remedium
1170 3656 1291 3719 ambobus
1305 3654 1351 3706 erit
1364 3652 1446 3703 ensis:
1457 3651 1559 3702 suavius
1568 3648 1639 3699 nobis

1051 3749 1190 3799 consortem
1200 3726 1320 3808 perpetuo
1334 3740 1407 3803 sequi
1418 3739 1458 3789 vel
1468 3738 1546 3788 utam
1556 3736 1597 3787 rel
1611 3738 1725 3787 mortem.

196 3839 1801 3877 ’,Ι-*Μ*-

409 3916 466 3964 ατθ.
490 3929 604 3962 narraras
622 3925 752 3961 osaronrs.

188 4022 296 4088 Antiqua
306 4020 439 4077 Polemoni,
453 4018 510 4069 iacit
518 4033 590 4084 quem
599 4030 671 4065 soene
679 4013 807 4064 Menandri

221 4106 309 4157 Uxoris
319 4115 415 4155 teneras
425 4100 563 4153 θίενοοιιὶεεο
575 4113 665 4155 comm,

188 4193 257 4244 Alter
267 4192 331 4241 idem
341 4188 399 4239 iecit
408 4187 534 4249 Polemon,
544 4181 699 4252 pulchrosque
707 4178 864 4230 Rhodanthes

223 4276 341 4344 abripuit
352 4274 431 4325 crines
440 4272 530 4323 vortice
541 4286 602 4322 sessa
617 4285 712 4320 manus.

190 4359 288 4411 Comiea
297 4374 335 4408 res
344 4357 423 4407 inerat
436 4371 442 4406 :
457 4355 559 4421 tragicos
571 4350 735 4418 superaddidit
747 4364 826 4406 ansus,

223 4442 360 4491 Femineam
372 4439 452 4506 flagris
463 4456 519 4489 nam
535 4437 606 4488 scidit
616 4437 658 4486 ille
668 4446 759 4486 cutem.

189 4527 255 4572 Trux
267 4522 358 4571 lacinus
374 4538 380 4572 :
400 4522 458 4587 qnid
472 4523 536 4572 enim
547 4530 648 4587 ¹tautum
656 4524 798 4586 ρεοσανεται
813 4516 854 4566 ilis

222 4610 348 4654 AErumnas
362 4604 441 4653 luerat
458 4603 477 4653 si
494 4604 606 4652 miserata
621 4604 705 4651 meas?

189 4690 240 4740 raas
251 4701 349 4752 quoque
361 4685 442 4734 divisit
454 4684 518 4734 ierus
530 4685 582 4744 ille,
595 4700 641 4733 nec
651 4699 695 4733 ora
707 4683 769 4731 tueri

223 4771 310 4818 Mutua
323 4766 388 4817 ient:
403 4773 482 4815 tantus
495 4774 595 4831 pectora
607 4764 671 4814 livor
682 4762 767 4813 habet.

189 4854 282 4901 Verum
293 4859 329 4900 est
337 4849 380 4899 illa
393 4856 472 4898 tamen
481 4847 629 4898 Misuunenos
640 4861 647 4896 τ
658 4854 695 4894 ast
704 4860 747 4911 ego
758 4852 824 4894 certe

223 4930 347 4998 Dyscolos‚
359 4928 407 4979 heu
417 4941 524 4994 segrexa
538 4924 725 4976 Periciromene.

475 5052 533 5087 ΜΟ.
551 5049 669 5083 11118011.

192 5155 344 5218 Quamquam
354 5151 426 5217 longa
439 5149 489 5201 dies
504 5157 529 5200 te
542 5147 593 5216 jam
604 5144 707 5208 sedarit,
718 5152 743 5194 et
755 5143 796 5192 illo

1054 3905 1169 3957 Fervidus
1179 3902 1284 3952 exomni
1296 3907 1394 3967 pectore
1404 3896 1474 3947 cessit
1486 3911 1564 3957 amor,

1020 3989 1152 4043 Debueras,
1167 3983 1292 4044 Cleobule,
1304 3991 1352 4031 inre
1361 3994 1512 4029 memorasse
1521 3978 1637 4044 juventa,

1055 4077 1136 4138 Atque
1147 4078 1211 4125 atas,
1225 4064 1320 4133 placide
1329 4063 1403 4125 ferre,
1416 4060 1481 4129 quod
1493 4061 1534 4110 illa
1545 4058 1623 4126 jubet,
1722 4103 1725 4109 ,

1021 4158 1077 4206 Νοιι
1090 4150 1219 4218 indignari,
1229 4148 1249 4199 si
1263 4147 1320 4214 qnid
1330 4146 1357 4197 iit
1366 4146 1425 4206 tale,
1434 4143 1542 4212 puellam

1054 4237 1177 4289 Continuo
1185 4233 1260 4300 raptis
1270 4248 1315 4282 nec
1323 4229 1428 4297 spoliare
1440 4226 1526 4279 comis.

1021 4325 1082 4386 Qua
1092 4320 1164 4370 modo
1177 4327 1201 4369 te
1211 4325 1305 4384 patrem
1316 4313 1383 4363 velut
1395 4311 1573 4368 observaverat,
1588 4306 1624 4356 illi
1715 4350 1718 4355 ,
1786 4296 1789 4303 '

1055 4405 1134 4457 Hostis
1147 4413 1196 4455 tam
1206 4401 1285 4453 subito
1295 4396 1345 4465 qni,
1356 4410 1453 4465 precor,
1464 4410 1515 4444 esse
1524 4394 1612 4459 potes?

1244 4573 1301 4605 221.
1321 4570 1393 4602 Plura
1411 4565 1572 4598 susurranti.

1021 4704 1115 4770 Ecquis,
1130 4704 1154 4751 in
1166 4700 1265 4751 alterins
1281 4697 1432 4747 flammantes
1444 4693 1507 4742 alter
1516 4688 1605 4739 ocellos
1707 4734 1710 4737 ,

1056 4788 1129 4853 Quod
1138 4785 1222 4836 furtim
1233 4782 1334 4849 jacimus
1343 4779 1442 4835 lumina,
1452 4775 1506 4827 finis
1516 4773 1583 4823 erit?

1022 4877 1085 4925 Cura
1099 4869 1193 4921 fatenda
1205 4868 1284 4935 pelam
1296 4872 1333 4914 est
1345 4872 1386 4915 :et
1400 4858 1557 4915 nobisdulcia
1570 4855 1590 4910 si
1603 4853 1656 4919 συίν

1055 4954 1143 5007 Vincla
1151 4951 1278 5021 soporiferi
1285 4948 1380 5000 ioederis
1390 4945 1514 5013 impediat,

1024 5038 1149 5091 Ambobus
1161 5036 1222 5086 ieret
1232 5031 1294 5083 ensis
1303 5045 1392 5099 opem:
1405 5044 1461 5078 narn
1472 5023 1567 5074 suarius
1577 5018 1646 5080 illud,

1057 5121 1188 5187 Participes
1197 5119 1252 5169 rita
1261 5116 1300 5167 rel
1312 5113 1377 5166 necis
1388 5128 1438 5163 esso
1448 5110 1516 5159 duos.
