4000 5952
246 363 285 422 tu
805 366 1060 432 ANTHOLOGIAE
1082 369 1285 431 PALu'stNAE

246 501 270 543 .'›.
287 494 345 543 'OE
357 494 407 556 ἔχει
418 496 569 560 Κρεσφόντην
579 497 719 560 ἀναιροῦντα
731 499 881 562 Πολυφόντην
890 507 932 550 τοῦ
944 504 1030 566 πατρὸς
1074 514 1096 554 ο.
1111 512 1195 564 Quinta
1211 512 1279 557 babet
1301 512 1477 567 Cresphontem,
1497 516 1536 571 qui
1551 513 1659 560 interlicit
1678 516 1858 573 Polyphontem,

277 566 317 613 τόν
328 565 398 624 ρονέα
407 577 413 590 ·
423 565 508 616 ἔστιδὲ
518 568 558 616 καὶ
571 569 667 631 Μερόπη
678 569 777 632 βάκτρον
784 571 919 634 κατέχουσα
926 575 966 621 καὶ
976 590 1029 622 συν·

276 641 378 699 εργοῠσα
390 641 425 700 τῷ
433 642 479 702 υἱῷ
488 642 545 702 πρὸς
553 641 595 697 την
603 646 646 688 τοὺ
662 642 742 705 ἀνδρὸς
757 643 877 704 ἐκδημίαν.

246 771 413 850 Κρεσφόντου
428 772 535 850 γενέτην
550 774 645 855 πέφνες
655 773 685 833 τὸ
700 775 795 857 πάρος,
809 781 985 860 Πολυφόντα,

286 861 418 942 κουριδίης
428 862 525 941 ἀλόχου
539 863 636 943 λέκτρα
648 866 728 923 θέλων
744 867 848 942 μιάναι·

243 946 291 1030 opt
305 952 333 1010 δέ
348 974 389 1009 σοι
403 951 463 1019 πάϊς
478 945 528 1022 ἧκε
542 953 612 1033 φόνιμ
625 954 717 1032 γενέτῃ
729 955 924 1034 προσαμύνων,

283 1038 329 1097 καί
340 1063 370 1099 σε
384 1039 549 1099 κατακτείνει
564 1041 661 1122 ματρός
673 1042 737 1121 ὑπὲρ
750 1043 884 1122 Μερόπας.

1101 582 1170 636 patris
1184 583 1323 634 occisorem
1335 583 1397 628 adest
1412 585 1479 627 etism
1495 587 1598 642 tterope,
1608 585 1731 640 scipionem
1747 590 1858 632 tenenset

1100 650 1210 706 adjurans
1218 653 1289 697 tilium
1300 654 1324 697 in
1337 655 1380 698 viri
1391 655 1554 711 peremptione.

1073 792 1232 855 crespboutis
1243 795 1377 858 genitorem
1385 795 1530 846 interfecisti
1541 797 1623 860 prius,
1636 797 1813 861 Polyphontes,

1104 877 1218 941 legitimo
1230 892 1328 944 sponsos
1339 882 1431 932 lectum
1442 884 1526 934 volens
1538 889 1670 946 temerare;

1073 967 1118 1017 sed
1126 968 1224 1018 tandem
1235 970 1279 1019 tibi
1290 971 1357 1021 venit
1366 971 1432 1022 tilius
1441 970 1509 1023 crede
1519 974 1653 1037 genitorem
1663 976 1795 1037 ulciscens,

1104 1059 1129 1105 et
1142 1060 1167 1108 te
1178 1059 1251 1108 necet
1264 1071 1309 1123 pro
1318 1063 1397 1110 matre
1408 1063 1515 1125 Merope.

244 1126 364 1186 Τούνεκα
380 1129 425 1187 καί
443 1129 508 1208 δόρυ
527 1128 594 1200 πῆξε
616 1130 790 1211 μεταφρένῳ,
808 1134 824 1189 ά
846 1135 868 1191 δ’
883 1131 1026 1213 ἐπαρήγει,
1072 1147 1203 1209 Propterea
1217 1150 1242 1197 et
1256 1147 1354 1199 hastam
1368 1149 1671 1209 infixitdorso3haeevero
1685 1152 1857 1204 lert-auxilium

286 1220 360 1295 βριθὺ
376 1216 446 1275 κατὰ
460 1216 597 1298 κροτάφων
612 1218 727 1299 βάκτρον
742 1223 905 1299 ἐρειδομένα.
1103 1241 1202 1291 gravem
1218 1232 1370 1294 temporibus
1383 1232 1500 1283 haculum
1511 1234 1655 1299 impingens.

242 1371 264 1413 δ.
283 1364 312 1413 '0
329 1373 347 1415 ς
363 1364 412 1427 ἔχει
426 1367 528 1416 Πυθῶνα
542 1368 589 1417 ὑπὸ
606 1368 749 1425 ’Ἀπόλλωνος
760 1371 800 1418 καὶ
818 1368 945 1434 ’Ἀρτέμιδος
959 1368 1026 1416 ἀναι-
1071 1371 1092 1413 6.
1107 1374 1172 1416 Sexto
1182 1371 1249 1417 babet
1259 1375 1386 1428 Pythonem
1403 1376 1431 1419 ab
1447 1377 1551 1432 spottine
1562 1383 1584 1423 et
1598 1379 1669 1423 itione
1682 1381 1793 1435 occisum,
1806 1394 1857 1440 pro·

273 1440 400 1501 ρούμενον,
415 1440 498 1488 καθότι
507 1440 549 1499 τήν
558 1443 632 1499 Λητὼ
647 1443 805 1505 πορευομένην
820 1445 852 1498 εἰς
872 1443 972 1504 Δελφούς
987 1443 1025 1491 ἐπὶ
1098 1443 1858 1506 illest-*iutuitu¹⁴²¹¹⁰¹¹³¹¹¹1³1³¹l2¹¹⁰⁸Dl‘lflcttoessltllilfldtlilcui‘ltndum

271 1512 299 1560 τὸ
310 1516 439 1575 κατασχεῖν
451 1511 497 1576 [τό]
508 1520 616 1574 μαντεῖον
628 1514 744 1572 ἐπιφανεὶς
754 1515 903 1564 διεκώλυσεν.

242 1641 359 1720 Γηγενέα
375 1643 505 1716 Πυθῶνα,
522 1645 683 1723 μεμιγμένον
694 1649 802 1726 ἑρπετοῦ
815 1649 916 1722 ὁλκοῖς,

279 1729 379 1788 ἐκνεύει
395 1731 495 1803 Λατὼ,
513 1732 604 1812 πάγχυ
621 1734 818 1809 μυσαττομένη·

239 1821 338 1876 σκυλᾶν
356 1818 406 1897 γδιρ
418 1820 501 1878 ἐθέλει
518 1822 627 1880 πινυτδιν
642 1821 713 1880 θεόν·
726 1823 795 1881 άλλά
813 1847 842 1899 γε
855 1822 922 1903 τόξιμ

280 1912 347 1985 θῆρα
361 1908 539 1977 καθαιμάσσει
554 1910 654 1975 Φοῖόος
670 1910 722 1968 ἀπὸ
735 1913 844 1980 σκοπιῆς

240 1996 361 2073 Δελφῶν,
375 1986 404 2053 ού
418 1995 490 2066 θήσει
504 1994 596 2075 τρίπον
618 1996 716 2055 ἔνθεον·
731 2000 761 2055 ἐκ
774 1998 797 2054 δ’
811 1997 849 2054 ὅδ’
863 1996 973 2055 ὀδόντων

277 2082 369 2159 πικρόν
382 2083 541 2147 ἀποπνεύσει
557 2085 638 2162 ῥοῖζον
654 2084 818 2165 ὀδυρόμενος.

224 2234 262 2295 ,7.
282 2232 311 2282 '0
325 2234 342 2281 Z
354 2232 420 2295 ἔχει,
436 2235 488 2297 περὶ
503 2234 533 2282 τὰ
549 2235 645 2299 ἀρκτῷα
657 2236 730 2299 μέρη,
745 2235 862 2297 Ἀμφίονος
885 2236 926 2284 καὶ
947 2234 1021 2293 Ζήθου

269 2302 385 2364 ἱστορίαν·
398 2303 570 2365 προσάπτοντες
579 2305 658 2367 ταύριρ
669 2307 711 2363 την
721 2305 822 2368 Δίρκην,
833 2306 869 2353 ότι
878 2307 920 2363 τὴν
932 2307 1019 2367 μητέρα

269 2372 346 2420 αὐτῶν
361 2372 500 2434 Ἀντιόπην,
513 2375 552 2423 διὰ
562 2376 604 2432 τὴν
624 2378 708 2438 φθοράν
722 2377 795 2437 Λύκῳ
812 2379 875 2440 ἀνδρὶ
890 2377 961 2435 αὐτῆς
973 2378 1019 2426 θπθ

268 2445 378 2501 Νυκτέως
389 2448 527 2506 τοῦπατρὸς
538 2447 610 2505 αὐτῆς
621 2446 818 2511 [παραδοθεῖσαν],
829 2449 887 2512 ὀργῇ
897 2449 1019 2510 ζηλοτύπιρ

268 2513 417 2578 ε’νσχεθεῖσα,
428 2515 532 2579 ἀμέτρως
545 2517 715 2581 ἐτιμωρήσατο.

237 2647 351 2729 Ἀμφίων
364 2648 409 2708 καὶ
419 2652 502 2721 Zilis,
516 2647 561 2708 δύο
577 2651 799 2727 σκυλακεύματα,
817 2653 916 2730 Δίρκην

276 2737 396 2797 κτείνατε
410 2737 482 2796 τάνδ’
493 2739 577 2797 δλέτιν
591 2740 705 2819 ματέρος
722 2740 874 2811 Ἀντιάτας,

236 2827 342 2902 δέσμιον
358 2826 390 2898 ἣν
405 2827 488 2906 πάρος
501 2815 557 2905 εἶχε
569 2827 612 2884 διὰ
632 2828 768 2904 ζηλήμονα
783 2833 877 2904 μῆνιν·

275 2919 321 2973 νῦν
336 2916 359 2973 δ’
374 2915 453 2980 ἱκέτις
466 2913 532 2983 αὐτὴ
543 2917 642 2974 λίσσετ’
657 2916 811 2995 ὀδυρομένη.

235 2998 296 3077 Ἄγε
312 3001 356 3059 καὶ
370 3004 401 3063 ἐκ
414 3000 518 3079 ταύροιο
532 3002 679 3061 καθάπτετο
692 3004 809 3062 δίπλακα
826 3003 925 3085 σειρὴν,

275 3085 342 3167 όφρα
355 3086 435 3162 δέμας
450 3087 516 3168 σύριγ
530 3090 609 3158 τῆσδε
625 3092 694 3150 κατὰ
707 3091 824 3171 ξυλόχου.

235 3240 257 3285 8.
278 3236 318 3284 Ἐν
329 3241 363 3299 τῷ
376 3238 397 3286 ll
412 3240 427 3294 ἡ
444 3242 485 3285 τοῦ
496 3238 631 3295 Ὀδυσσέως
640 3239 823 3301 νεκυομαντεία·
836 3240 966 3298 καθέστηκε
976 3241 1019 3299 τήν

265 3306 334 3372 ἰδίανΙ
342 3310 429 3371 μητέρα
443 3311 581 3359 Ἀντίκλειαν
595 3311 646 3373 περὶ
658 3315 706 3358 τῶν
718 3311 780 3359 κατὰ
791 3312 831 3360 τόν
842 3312 907 3359 οἷκον
922 3312 1018 3374 ἀνακρί·

263 3396 318 3427 νων.

234 3513 326 3592 Μᾶτερ
343 3513 489 3586 Ὀδυσσῆος
503 3511 686 3593 πινυτόφρονος
696 3512 856 3587 Ἀντίκλεια,

275 3605 345 3670 ζῶσα
360 3603 408 3678 μέν
421 3604 457 3671 είς
474 3603 580 3673 Ἰθάκην
595 3603 645 3680 οὐχ
653 3601 760 3669 ὑπέδεξο
777 3604 854 3660 nolis·

235 3689 305 3748 σἰλλά
315 3713 344 3746 σε
359 3695 404 3747 νύν
420 3687 570 3768 Ἀχέροντος
585 3690 629 3746 ἐπὶ
646 3692 756 3767 βηγμῖσι
768 3695 888 3767 γεγῶσαν

275 3775 372 3853 θαμόεῖ
380 3824 389 3850 ,
406 3777 457 3836 ἀνθ
472 3775 600 3856 γλυκερόν
615 3777 719 3856 ματέρα
732 3777 895 3855 δερκόμενος.

234 3936 256 3982 9.
277 3931 316 3980 Ἐν
332 3933 367 3991 τῷ
380 3933 400 3980 Θ
415 3929 502 3985 Πελίας
516 3930 556 3977 καὶ
566 3928 655 3985 Νηλεὺς
667 3926 849 3989 θυλελάὶευνται,
861 3930 882 3975 οἱ
895 3929 1016 3977 Ποσειδῶ-

263 4019 302 4057 νος
318 4002 414 4062 παῖδες,
431 4001 458 4050 ἐκ
476 4002 569 4064 δεσμῶν
585 4002 628 4059 τήν
639 4002 728 4048 ἑαυτῶν
748 4001 835 4062 μητέρα
851 4000 972 4062 δυόμεναι,
989 4003 1018 4059 ἣν

265 4073 348 4138 πρώην
361 4074 374 4121 ό
385 4075 462 4134 πατὴρ
475 4073 516 4135 μὲν
533 4073 670 4134 Σαλμωνεὺς
681 4072 720 4119 διά
731 4073 773 4128 τὴν
790 4073 875 4137 φθοράν
889 4072 985 4130 ἔδησεν·
1001 4076 1017 4133 ἡ

265 4145 289 4193 δὲ
301 4145 400 4206 μητρυιὰ
410 4144 480 4201 αὐτῆς
494 4144 584 4207 Σιδηρὼ
594 4143 636 4199 τὰς
647 4142 762 4206 βασάνους
773 4143 832 4205 αὐτῇ
842 4143 964 4191 ἐπέτεινεν.

233 4279 345 4358 Μητέρα
364 4277 523 4357 τρηχείοισιν
540 4277 582 4336 ἐπὶ
597 4277 610 4302 ¹*
630 4278 766 4358 σπείρημα
783 4277 882 4357 σιδήρῳ

272 4368 413 4443 Σαλμωνεῖ
426 4366 518 4445 γενέτα
529 4368 591 4449 τῷδ’
603 4364 822 4446 ύποτασσομένιρ·

232 4533 318 4592 οὐκέτι
330 4534 380 4611 γδιρ
396 4534 520 4593 δουλώσει
535 4537 560 4592 ἐν
576 4535 692 4615 ἕρκεσιν,
708 4533 795 4612 ἐγγύθι
806 4535 924 4592 λεύσσων

272 4624 363 4693 Νηλέα
376 4621 421 4680 καλ
436 4622 534 4681 Πελίαν
546 4624 637 4681 τούσδε
649 4623 843 4699 καθεξομένους.

233 4775 270 4823 10.
282 4769 321 4819 Ἐν
332 4771 357 4819 et
367 4775 401 4833 τῷ
411 4771 473 4819 κατὰ
484 4771 551 4819 δύσιν
562 4773 654 4834 πλευρῷ
664 4772 726 4821 ἐστὶν
735 4772 759 4821 έν
770 4771 831 4835 ἀρχῇ
844 4777 886 4821 τοῦ
896 4771 1015 4829 Ιπίνσικος

263 4842 349 4906 Erineos
366 4842 523 4904 γεγλυμμένος
540 4844 580 4888 καὶ
598 4842 674 4902 θόας,
688 4842 728 4896 σθς
748 4842 868 4901 ἐγέννησεν
885 4843 1013 4905 Ὑψιπύλη,

262 4912 467 4976 όναγνωριζόμενοι
477 4917 506 4974 τῇ
517 4912 599 4974 μητρὶ,
608 4913 648 4960 καὶ
656 4913 698 4969 τὴν
707 4917 795 4975 χρυσῆν
804 4912 930 4969 δεικνύντες
942 4914 1015 4975 ἄμπε-

261 4984 310 5043 λον,
318 4984 375 5046 ὂιτερ
383 4984 498 5045 ἦναύτοῖς
508 4988 550 5031 τοῦ
560 4985 638 5044 γένους
646 4982 773 5044 σύμβολον,
780 4984 819 5029 καὶ
828 4982 936 5044 ῥυόμενοι
943 4985 1014 5042 αὐτὴν

260 5060 301 5114 τῆς
320 5055 359 5104 διὰ
375 5057 415 5104 τόν
425 5052 564 5119 Ἀρχεμόρου
585 5053 681 5103 θάνατον
697 5051 751 5116 παρ’
764 5052 879 5116 Εὐρυδίκη
893 5054 1012 5117 τιμωρίας.

231 5191 333 5264 diere,
345 5187 430 5265 Θόαν,
439 5188 557 5269 Βάκχοιο
567 5186 645 5263 φυτὸν
662 5185 732 5245 τόδε·
744 5183 846 5265 ματέρα
857 5188 907 5264 γάρ
920 5207 965 5243 σου

1098 1513 1229 1566 oraculum,
1243 1525 1355 1571 apparens
1367 1515 1492 1572 impedivit.

1069 1645 1223 1708 terrigenum
1237 1646 1497 1710 Pythonem,mixturn
1511 1653 1632 1715 serpentis
1640 1653 1732 1717 spiris,-

1100 1733 1307 1798 devitutLutone,
1321 1750 1422 1800 prorsus
1433 1739 1572 1791 abominata
1586 1763 1592 1791 τ

1036 1832 1041 1838 ·
1068 1822 1172 1883 spoliare
1182 1823 1247 1874 enim
1258 1825 1356 1876 volebat
1365 1827 1512 1890 prudentem
1524 1828 1608 1890 deem3
1621 1845 1704 1882 verum
1721 1847 1779 1884 arcu

1103 1911 1179 1961 lerum
1188 1916 1301 1964 cruentat
1313 1912 1422 1966 Phoehus
1435 1930 1464 1967 ex
1478 1919 1576 1982 speculo

1068 2000 1226 2064 Delphorum,
1235 2002 1276 2052 ubi
1283 2007 1357 2067 ponet
1363 2005 1485 2069 tripodem
1490 2007 1601 2060 diunurn
1610 2029 1617 2059 t
1625 2013 1651 2061 at
1657 2011 1735 2063 itlcdc
1741 2013 1855 2067 dentibus

1098 2089 1214 2140 acerbum
1225 2091 1356 2155 exspirabit
1366 2093 1464 2144 sibilum
1475 2109 1582 2159 gemens.

1067 2230 1087 2271 t.
1102 2231 1200 2285 septima
1220 2232 1288 2277 hebet
1308 2233 1370 2279 eirea
1388 2238 1576 2293 septentrionales
1591 2243 1667 2296 partes
1684 2244 1818 2299 Amphionis
1832 2252 1855 2291 et

1094 2302 1156 2345 Zethi
1166 2302 1282 2348 historiam
1290 2338 1295 2359 ,
1303 2305 1342 2360 qrri
1353 2310 1419 2351 tauro
1428 2307 1520 2363 alligant
1529 2311 1611 2357 Dircen
1618 2344 1624 2364 ,
1631 2313 1683 2368 quia
1690 2319 1785 2360 matrem
1795 2318 1854 2374 ipso·

1094 2382 1145 2414 rurn
1166 2373 1291 2429 Antiopen,
1305 2374 1335 2418 ob
1346 2373 1458 2420 tortivum
1472 2379 1619 2425 concubitum
1631 2386 1695 2433 (eum
1709 2384 1774 2437 Jove)
1795 2388 1854 2441 Lyco

1093 2436 1176 2485 merito
1194 2443 1246 2496 elus
1256 2444 1367 2499 (Dirces)
1378 2456 1391 2489 a
1403 2448 1490 2499 Nycteo
1503 2452 1568 2503 petre
1582 2450 1631 2504 etus
1643 2452 1770 2509 (Antiopes)
1786 2457 1854 2500 trudi·

1095 2514 1153 2566 tarn,
1163 2512 1197 2563 ire
1207 2514 1311 2570 zelotypa
1322 2526 1432 2569 possessa,
1445 2516 1566 2562 immodice
1575 2520 1700 2575 puniverat

1065 2653 1186 2715 Amphion
1197 2657 1223 2704 et
1233 2654 1321 2717 Zethe,
1335 2656 1384 2706 duo
1395 2656 1534 2719 juvenculi,
1549 2659 1637 2709 Dircen

1096 2739 1161 2790 hane
1170 2740 1285 2803 occidite,
1295 2743 1451 2806 perditricem
1466 2745 1552 2795 matris
1565 2746 1690 2809 Antiopes,

1065 2842 1140 2891 quem
1152 2829 1220 2892 prius
1231 2830 1370 2882 m-rinculis
1383 2831 1471 2882 habuit
1485 2834 1518 2883 oh
1531 2835 1669 2897 zelotypam
1682 2836 1757 2898 irum,

1096 2920 1666 2986 nuncautemsuppleripseprecuturgemens.
1724 2960 1729 2970 .
1771 2926 1774 2929 ’

1064 3006 1108 3058 Eis
1124 3006 1198 3057 etiam
1209 3010 1319 3057 extuuro
1335 3008 1438 3072 deligato
1455 3009 1577 3072 duplicem
1590 3011 1688 3073 lunum,

1096 3109 1146 3158 quo
1160 3095 1201 3145 ille
1212 3094 1326 3147 trahetur
1338 3096 1415 3147 hocce
1429 3111 1473 3162 per
1491 3098 1642 3150 lruticetum.

1065 3245 1085 3286 ο.
1101 3245 1126 3286 tn
1139 3248 1220 3288 octava
1234 3243 1292 3287 inest
1304 3243 1387 3297 t'lgssis
1404 3246 1561 3298 necyomantia
1578 3261 1585 3289 ε
1602 3245 1665 3292 oded
1678 3251 1774 3294 matrem
1789 3264 1851 3297 sunm

1185 3313 1310 3358 Anticleanr
1321 3314 1349 3358 tlc
1359 3314 1426 3359 rebus
1435 3315 1565 3360 domesticis
1574 3304 1726 3373 interrogans.

1064 3536 1142 3584 Meter
1152 3534 1248 3597 L'lyssis
1262 3534 1434 3598 intelligentis,
1446 3535 1564 3595 Anticlea,
1639 3600 1644 3611 1

1093 3620 1151 3670 viva
1163 3620 1264 3684 quidem
1273 3622 1298 3670 iu
1307 3620 1416 3671 Ithacum
1425 3634 1474 3669 non
1483 3622 1597 3685 recepisti
1605 3625 1722 3686 gnutunr3

1063 3708 1106 3758 scd
1123 3722 1189 3758 nunc
1202 3711 1228 3759 te
1241 3710 1385 3758 hetterontis
1397 3709 1421 3756 in
1431 3708 1545 3758 litorlhus
1554 3708 1680 3773 degentem

1094 3794 1205 3856 miretur,
1216 3793 1315 3842 dulcem
1324 3795 1428 3843 matrem
1440 3792 1557 3842 revisens.

1063 3940 1083 3981 9.
1099 3939 1125 3980 tn
1136 3948 1197 3979 nona
1211 3937 1283 3981 Pelius
1299 3938 1322 3980 ct
1339 3935 1420 3979 ticieus
1429 3934 1492 3978 incisi
1503 3939 1567 3987 sunt,
1579 3936 1677 3991 Neptuni
1693 3936 1848 3990 hlii‚nretrem

1090 4005 1189 4060 ipsorum
1199 4004 1296 4048 vinculis
1307 4003 1460 4055 exsolventes,
1471 4015 1538 4057 orrum
1548 4004 1635 4061 pridem
1644 4008 1708 4061 puter
1716 4007 1847 4051 salmoneus

1090 4074 1194 4117 vinxerat
1206 4077 1299 4129 propter
1308 4071 1418 4115 tortivum
1428 4072 1574 4116 concubitum
1584 4105 1590 4123 ‚
1602 4078 1626 4118 et
1636 4084 1734 4118 noverea
1750 4077 1801 4129 ejus
1813 4078 1846 4119 st·

1090 4148 1146 4188 dero
1155 4144 1222 4188 etism
1232 4145 1346 4187 tormento
1355 4141 1387 4185 itti
1396 4140 1536 4186 intendebat.

1062 4290 1165 4337 hlutrem
1180 4284 1273 4348 asperis
1282 4284 1306 4333 in
1315 4283 1419 4333 rincuHs
1428 4282 1511 4333 sidero
1523 4284 1589 4332 tenet

1060 4368 1063 4373 ⁴
1093 4377 1221 4425 Sulmoneo
1232 4373 1295 4437 putri
1308 4372 1367 4421 huic
1380 4371 1505 4422 subditam
1513 4373 1544 4435 (i)

1061 4556 1145 4616 Neque
1157 4553 1222 4602 enim
1232 4550 1337 4614 amplius
1348 4547 1588 4601 servitis-addicetin
1600 4546 1718 4607 vinculis,
1726 4559 1801 4610 prope
1810 4548 1845 4594 vi·

1091 4646 1192 4697 Neleum
1204 4648 1229 4695 et
1238 4645 1329 4694 Peliam
1338 4641 1414 4693 hosce
1423 4644 1509 4705 ipsum
1521 4639 1680 4690 cohibituros.
1777 4637 1846 4700 [dens

1061 4789 1093 4832 to.
1106 4790 1133 4831 ln
1142 4785 1275 4831 occidentali
1283 4785 1351 4829 latere
1360 4785 1406 4837 est,
1418 4780 1483 4826 initio
1492 4779 1584 4825 decimu
1593 4777 1777 4832 tabutae‚llunous
1785 4777 1846 4821 scul-

1086 4853 1258 4912 perseeutione,
1268 4863 1324 4907 quos
1333 4851 1419 4907 peperit
1428 4848 1553 4906 Hypsipyle
1560 4865 1566 4899 ς
1574 4848 1750 4899 agnoscuntura
1761 4847 1844 4895 rnatre,

1086 4929 1110 4969 et
1129 4921 1253 4968 ostendunt
1271 4920 1342 4964 vitem
1363 4930 1466 4970 astream,
1481 4916 1610 4971 symbolum
1625 4914 1714 4969 generis
1731 4913 1843 4969 ipsorum,

1086 4991 1227 5049 illamquesb
1236 4993 1336 5046 irrogato
1346 4990 1374 5034 ob
1388 4988 1520 5034 Archemori
1536 4990 1632 5030 mortem
1647 4995 1713 5041 poena
1724 4982 1784 5041 spud
1800 4985 1844 5027 Eu·

1086 5060 1313 5119 rydicens'indlcunt.

1059 5196 1175 5259 Ostende,
1182 5195 1260 5256 Thoe,
1268 5193 1331 5243 hauc
1339 5191 1541 5255 Biccbiplentnm
1551 5208 1557 5237 ι
1568 5188 1658 5251 quippe
1665 5189 1766 5237 matrem
1775 5187 1844 5235 tuom
