4020 5946
256 387 317 447 ast

296 516 432 598 Ἀσκραῖον
449 522 540 598 γενεὴν
563 521 686 584 Ἡσίοδον
698 526 816 605 κατέχω.

530 685 584 735 53·
604 687 740 736 ΑΔΗΛΟΝ.

253 820 371 890 Ἡσίοδος
383 823 502 893 Μούσαις
516 826 668 889 Ἑλικωνίσι
679 830 749 890 τόνδ’
761 832 892 907 ἀνέθηκα,

251 909 443 990 ὕμνῳνικιίσας
461 915 488 971 έν
504 916 616 974 Χαλκίδι
630 922 695 976 θεῖον
708 916 843 999 Ὅμηρον.

481 1082 529 1133 54.
555 1075 801 1136 ΜΝΑΣΑΔΚΟΥ.

249 1221 349 1305 Ἄσκρη
365 1224 412 1302 μὲν
426 1226 518 1306 πατρὶς
528 1229 685 1301 πολυλήϊος,
700 1230 768 1288 ἀλλὰ
781 1230 898 1298 θανόντος

290 1313 369 1372 όστέα
383 1312 540 1385 πληξίππων
554 1320 589 1394 γῆ
604 1320 706 1376 Μινυῖιν
719 1317 827 1396 κατέχοι

249 1395 389 1473 Ἡσιόδου,
403 1406 449 1459 τοῦ
463 1402 585 1461 πλεῖστον
599 1405 627 1460 έν
641 1402 785 1483 ἀνθρώποις
797 1405 869 1470 κλέος
881 1407 950 1464 ἐστίν

289 1489 387 1566 ἀνδρῶν
401 1490 560 1569 κρινομένων
574 1492 600 1547 ἐν
614 1490 721 1570 βασάνῳ
735 1490 835 1571 σοφίης.

513 1669 561 1719 55.
587 1661 766 1720 ΑΛΚΑΙΟΥ.

246 1813 373 1894 Λοκρίδος
385 1817 411 1873 έν
423 1813 498 1890 νέμεϊ
512 1816 609 1893 σκιερῷ
620 1812 695 1872 νέκυν
708 1813 841 1873 Ἧσιάδοιο

288 1902 398 1981 Νύμφαι
410 1903 539 1983 κρηνίδων
552 1904 648 1960 λοῦσαν
664 1900 716 1959 ἀπὸ
730 1903 869 1981 σφετέρων,

247 1991 293 2049 καῖ
306 1991 387 2068 τάφον
398 1989 551 2071 ὑψώσαντο·
566 1990 679 2067 γάλακτι
694 1989 721 2048 δὲ
733 1990 853 2066 ποιμένες
867 1992 948 2068 αίγῶν

287 2077 410 2158 ippotae,
426 2077 509 2158 ξανθῷ
523 2077 661 2155 μιξάμενοι
675 2078 776 2155 μέλιτι·
809 2139 814 2145 ,

245 2165 319 2238 τοίην
333 2167 383 2243 γὰρ
397 2168 442 2224 κοιλ
457 2169 538 2247 γῆρυν
552 2164 694 2243 ἀπέπνεεν,
708 2168 782 2227 ἐννέα
797 2165 926 2228 Μουσέων

286 2251 427 2332 θπρέσόυς
438 2257 560 2333 καθαρῶν
573 2253 730 2331 γευσάμενος
743 2254 868 2315 λιόοίδων.

535 2414 579 2463 56.
598 2417 738 2464 sunnon.

244 2546 297 2616 Ἦν
311 2557 362 2636 ἄρα
375 2556 551 2634 Δημοκρίτοιο
564 2556 646 2634 γέλως
658 2556 717 2617 τόδε
724 2604 734 2633 ,
751 2558 796 2615 καλ
811 2558 881 2635 τάχα
894 2555 976 2624 λέξει·

285 2673 297 2696 ι
313 2646 371 2705 Οὐκ
384 2644 473 2722 ἔλεγον
486 2644 596 2724 γαλόων,
609 2645 703 2706 Πάντα
717 2644 825 2704 πέλουσι
837 2645 934 2721 γέλως;

243 2734 288 2793 καί
303 2731 354 2813 γὰρ
367 2731 420 2810 ἐγὼ
431 2735 525 2813 σοφίην
540 2736 598 2810 μετ’
611 2734 753 2812 ἀπείρονα,
765 2733 811 2792 καῖ
824 2733 903 2811 στίχα
916 2731 1014 2810 βίόλων

284 2821 440 2895 τοσσατίων,
457 2829 549 2896 κεῖμαι
563 2820 634 2900 νέρθε
648 2821 740 2901 τάφοιο
754 2820 845 2898 γέλως.
859 2846 872 2871 υ

560 2981 604 3031 57.
624 2983 719 3029 ΑΛΔΟ.

246 3127 300 3187 Καί
313 3124 351 3191 τίς
363 3125 411 3208 ἔφυ
426 3126 502 3207 σοφὸς
515 3118 580 3201 dte
592 3126 629 3193 τίς
641 3127 714 3205 ἔργον
729 3125 798 3207 ἔρεξε
814 3130 946 3202 τοσοῦτον,

284 3212 361 3273 ὅσσον
376 3217 390 3271 δ
402 3213 549 3288 παντοδαὴς
560 3215 640 3288 ἤνυσε
654 3216 832 3294 Δημόκριτος,

243 3301 404 3369 θςΘάνατον
417 3302 547 3380 παρεόντα
564 3302 613 3383 τρί’
628 3302 720 3379 ἤματα
737 3300 854 3380 δώμασιν
870 3298 955 3378 ἔσχεν,

284 3390 329 3450 καί
343 3396 446 3471 θερμοῖς
460 3390 545 3470 οῖρτων
561 3391 692 3469 ἄσθμασιν
707 3389 828 3460 ἐξένισεν.

275 3689 420 3746 Hesiodum,
434 3691 516 3754 genuit
527 3707 599 3756 quern
619 3700 685 3740 retus
697 3696 782 3745 Ascra.
796 3701 858 3754 tego.

475 3834 516 3881 53.
535 3830 681 3881 Dedonurio
693 3829 795 3896 quidem

582 3947 689 3998 Hesiodi.
778 3986 781 3987 ε

241 4067 360 4120 Hesiodus
370 4069 460 4119 donum
475 4069 541 4118 dedit
556 4067 603 4117 hoc
614 4066 745 4117 Heliconisi
761 4066 836 4115 Missis

242 4151 356 4205 Chalcide
366 4153 485 4202 cantando
502 4152 576 4201 diuini
593 4151 670 4200 victor
682 4150 789 4199 Homeri.

534 4295 575 4350 54.
593 4309 736 4353 uuistuom,

562 4418 593 4468 de
609 4418 700 4468 eodem.

240 4539 316 4583 Ascra
328 4533 394 4583 iersx
406 4534 499 4584 Cereris
510 4534 587 4600 putria
601 4541 648 4589 est,
666 4550 730 4583 nunc
744 4534 846 4599 possidet
859 4549 922 4589 osso,

273 4618 364 4664 lleclor
373 4615 428 4678 equi
439 4616 533 4680 Minyes
544 4616 583 4664 cui
593 4616 741 4678 dominatur,
755 4614 841 4665 humus

241 4692 352 4750 Hesiodi,
364 4694 430 4758 cujus
441 4695 596 4742 celeberrima
606 4695 681 4758 gloria
694 4695 767 4744 vincit

275 4775 378 4827 Nomina
394 4776 508 4824 doctrinm
526 4778 593 4825 leuce
605 4777 706 4841 probate
720 4776 806 4825 rirtlm.

561 4928 600 4975 55.
620 4943 712 4987 tuear,

563 5048 593 5098 de
606 5049 697 5101 eodem.

239 5164 338 5216 Hesiodi
349 5181 435 5234 corpus
446 5165 511 5215 silure
522 5166 566 5216 sub
578 5167 693 5217 Locridcs
706 5165 791 5217 umbra

817 398 1073 462 ANTHOLOGIAE
1095 399 1298 461 PALATlNAE

1112 546 1236 590 nscraeum
1246 554 1333 604 genere
1341 542 1475 592 Hesiodum
1484 543 1604 594 contineo.

1366 686 1405 732 53.
1429 692 1568 736 incauti.

1079 825 1203 877 Hesiodus
1211 827 1290 878 Musis
1298 828 1429 878 Helicouiis
1438 828 1503 879 lmnc
1514 830 1644 893 tripodem
1654 834 1725 896 posui
1736 874 1741 893 ,

1080 927 1157 977 quum
1168 915 1257 979 tyrum
1265 914 1379 966 vicissem
1388 916 1503 968 Chalcide
1515 917 1627 968 divinum
1637 922 1781 970 Homerum,

1345 1079 1384 1127 54.
1402 1078 1584 1129 Mutsnucut.

1078 1235 1154 1280 Ascra
1163 1229 1262 1293 quidem
1274 1229 1353 1294 putria
1362 1232 1563 1295 segetumdives,
1574 1234 1618 1284 sed
1628 1236 1720 1285 mortui

1108 1334 1165 1371 ossa
1171 1322 1437 1385 equos-stimulantium
1446 1327 1512 1376 terra
1519 1325 1657 1395 Hiuyarum
1667 1330 1734 1378 tenet

1078 1408 1191 1471 Hesiodi,
1201 1411 1273 1475 cujus
1282 1412 1390 1463 murima
1399 1412 1464 1475 apud
1475 1414 1586 1464 homines
1595 1414 1673 1479 gloria
1682 1419 1720 1466 est

1108 1497 1218 1548 virorum
1230 1497 1274 1561 qul
1281 1499 1422 1562 judicentur
1434 1501 1538 1551 coticula
1549 1502 1681 1565 sapientie.

1378 1680 1416 1724 55.
1431 1674 1542 1724 ttcffit.

1077 1828 1185 1879 Locridis
1199 1830 1224 1878 in
1234 1829 1291 1879 lum
1304 1827 1418 1879 umbroso
1430 1829 1534 1881 cadaver
1543 1832 1642 1883 Hesiodi

1107 1915 1226 1980 Nympho
1236 1916 1343 1966 tontibus
1352 1916 1466 1968 levarunt
1474 1932 1502 1968 ex
1512 1920 1578 1981 suis,

1076 2008 1102 2057 et
1113 2006 1252 2070 sepulcrum
1264 2007 1403 2065 erexerunt;
1416 2005 1478 2056 lacte
1492 2010 1574 2058 sutem
1584 2009 1685 2072 caprarii
1696 2024 1755 2060 euro

1107 2094 1230 2158 rigarunt,
1242 2093 1304 2142 ilaru
1314 2092 1422 2143 admixto
1431 2096 1502 2145 melle
1514 2116 1519 2144 :

1077 2184 1150 2234 talem
1161 2184 1226 2234 euim
1235 2198 1322 2234 vocem
1334 2198 1432 2247 quoque
1446 2185 1561 2248 spirabat,
1572 2199 1659 2235 novem
1671 2188 1795 2236 Musarum

1107 2286 1181 2324 senex
1195 2286 1269 2337 puros
1278 2275 1379 2337 gustans
1388 2272 1504 2335 liquores.

1367 2427 1406 2471 56.
1429 2430 1565 2472 INCERTl.

1076 2571 1132 2621 Fuit
1139 2570 1215 2635 igitur
1223 2569 1270 2620 hoc
1279 2569 1411 2620 Democriti
1420 2569 1494 2632 risus,
1504 2582 1533 2619 sc
1541 2569 1644 2620 tortasse
1651 2570 1732 2621 diret:

1108 2676 1119 2698 ιι
1137 2657 1221 2705 Nonne
1233 2653 1344 2705 dicebum
1357 2654 1453 2715 ridens,
1469 2653 1557 2703 Omnia
1567 2656 1625 2704 sunt
1636 2654 1716 2704 risus?

1075 2740 1164 2803 quippe
1174 2753 1219 2804 ego
1227 2741 1283 2803 post
1291 2738 1434 2802 sapientiam
1444 2736 1564 2788 inlinitum
1573 2741 1598 2787 et
1611 2750 1698 2788 versos
1708 2739 1821 2789 librorum

1105 2831 1297 2891 tanlouumero,
1304 2827 1374 2889 jaceo
1383 2825 1473 2876 inimo
1482 2826 1596 2891 sepmcm
1608 2827 1682 2876 risus.
1695 2848 1706 2869 ν

1278 2980 1316 3027 57.
1334 2974 1492 3039 [elocutus
1508 2973 1654 3037 MERUL]

1075 3129 1106 3175 Et
1114 3126 1170 3188 quis
1179 3123 1227 3173 lull
1235 3126 1286 3173 tam
1296 3123 1408 3187 sapiens?
1417 3122 1474 3186 quis
1482 3136 1545 3186 opus
1556 3123 1613 3173 lecit
1620 3126 1729 3181 tantum,

1105 3215 1227 3277 quantum
1240 3211 1373 3261 omniscius
1385 3211 1479 3275 peregit
1489 3210 1661 3261 Democritus?

1074 3304 1115 3368 qui
1129 3305 1232 3353 Mortem
1239 3304 1386 3366 presentem
1396 3300 1479 3351 triduo
1494 3299 1631 3350 m-aedilrus
1643 3297 1731 3348 hebuit

1106 3395 1132 3442 et
1143 3390 1228 3442 calidis
1236 3403 1328 3454 penum
1338 3388 1465 3439 nidoribus
1475 3388 1578 3452 excepit.

1104 3689 1223 3733 Lareruut
1235 3680 1352 3747 Nymphas
1366 3680 1431 3729 ionte
1442 3681 1603 3741 nitentem,

1073 3769 1102 3814 Et
1114 3763 1232 3813 tumulum
1246 3762 1325 3813 iecere
1336 3777 1417 3828 super,
1430 3777 1501 3826 quern
1515 3761 1575 3810 lacte
1591 3760 1696 3824 rigarunt

1104 3852 1223 3903 Pastorcs,
1238 3861 1355 3896 memores
1368 3845 1455 3893 addere
1468 3853 1550 3893 nectar
1566 3842 1635 3910 apis:

1072 3931 1174 3981 Fuderst
1185 3930 1224 3979 lris
1235 3929 1307 3979 rebus
1320 3924 1410 3978 similes
1425 3927 1481 3993 quis
1492 3936 1589 3993 pectore
1600 3941 1683 3981 voces,

1102 4013 1225 4063 Aonidum
1236 4028 1297 4078 puro
1309 4020 1379 4077 potus
1393 4009 1425 4059 cb
1438 4026 1509 4058 amne
1522 4024 1604 4058 senex.

1333 4148 1373 4196 56.
1393 4151 1430 4195 De
1439 4146 1581 4195 Democrito.

1068 4279 1200 4329 Democriti
1212 4280 1274 4328 risus
1285 4293 1370 4342 nempe
1382 4275 1429 4327 hoc
1443 4284 1503 4326 erat.
1539 4279 1569 4324 ttr
1581 4284 1638 4340 puto
1653 4275 1733 4331 dicet,

1101 4364 1156 4411 Nou
1167 4361 1216 4415 diri
1230 4360 1277 4410 hoc
1290 4359 1385 4419 ridens,
1398 4358 1484 4406 Omuiu
1499 4357 1617 4405 ridiculo?

1068 4445 1116 4509 Qui
1129 4455 1220 4495 tanturn
1232 4444 1312 4511 sapui,
1324 4441 1365 4508 qui
1379 4450 1445 4490 tanta
1455 4439 1575 4488 columine
1584 4437 1666 4505 scripsi

1101 4529 1244 4590 Librorum,
1256 4528 1315 4576 risus
1327 4541 1390 4574 nunc
1400 4540 1443 4589 ego
1454 4540 1506 4573 sum
1522 4522 1615 4573 tumuli.

1307 4661 1348 4721 57.
1366 4674 1482 4708 uroourrs
1499 4672 1608 4713 rusum,

1388 4788 1419 4838 de
1435 4787 1526 4839 eodem.

1067 4925 1127 4989 Quis
1138 4926 1232 4994 sapiens
1248 4928 1325 4977 adeo?
1335 4927 1387 4992 quis
1396 4943 1455 4992 opus
1466 4936 1513 4975 tem
1527 4923 1616 4989 grande
1625 4924 1732 4990 peregit,

1100 5011 1179 5071 Quam
1192 5009 1228 5058 vir
1241 5020 1321 5059 mente
1333 5020 1416 5059 tenens
1427 5009 1508 5059 omnia
1518 5008 1687 5058 Democritus?

1068 5089 1163 5155 Quippe
1176 5090 1226 5140 dies
1237 5090 1322 5140 habuit
1334 5102 1381 5140 tres
1391 5092 1455 5140 intra
1470 5091 1552 5140 limina
1564 5098 1682 5150 mortem,

1100 5174 1131 5220 Et
1142 5181 1235 5238 pastum
1244 5172 1313 5222 calidi
1326 5173 1393 5238 ponis
1405 5173 1478 5222 odore
1490 5170 1556 5220 dedit
