4020 5946
25 420 26 459 l

24 484 26 521 l

24 524 25 563 l

226 349 286 410 340
615 418 620 423 ,
771 348 1028 412 AN'l'liOLOGlAE
1050 350 1255 412 PALATINAE

256 478 372 559 ύμνυμεν
386 480 500 563 αἰῤῥήτου
515 481 607 556 δίμνια
623 480 804 561 Περσερύνης,

216 569 339 648 παρθένοι
353 572 388 637 ύις
400 570 497 648 ἔτυμον
515 570 560 628 καί
577 569 627 628 ύπδ
640 569 722 649 χθονί·
737 568 823 629 πολλδι
837 569 860 629 δ’
881 569 999 651 ὁπιιερδς

258 656 355 737 αἰσχρά
366 661 425 715 καθ’
441 656 572 736 ἡμετίρης
588 655 683 716 ίύλνσε
696 656 836 736 παρθενίης

177 759 191 802 ο
217 742 376 823 Ἀρχίλοχος·
391 745 475 804 ἐπίοιν
487 744 514 803 δὲ
526 744 610 815 καλὴν
624 746 702 826 φάτιν
717 749 765 813 orla
778 747 823 804 ἐπὶ
834 743 904 804 ιιαλδ

257 834 337 911 ἔργα,
349 841 495 907 γυναικεῖον
507 834 529 891 δ’
546 835 657 912 ἔτραπεν
673 836 698 901 ἐς
711 835 838 910 πόλεμον.

217 921 352 998 Πιερίδες,
365 921 389 978 τί
402 920 507 1000 κόρῃσεν
526 919 565 1001 tp·
579 920 736 1000 ύύριατῆρας
747 920 859 999 ίάμύσυς

262 1007 395 1088 ἐτράπετ’,
411 1010 461 1087 οὐχ
471 1007 536 1089 ὁσίῳ
545 1010 611 1090 porri
623 1008 811 1089 χαριζόμενοι,

339 1157 405 1208 353.
427 1148 678 1208 annitimur
699 1147 890 1209 ΣΙΔΩΝΙΟΥ.

215 1291 271 1361 Τῆς
283 1291 374 1361 πολιῆς
384 1290 441 1348 τόδε
452 1294 526 1367 σῆμα
537 1288 710 1370 Μαρωνίδος,
722 1280 752 1360 ἧς
767 1289 810 1349 ἐπὶ
821 1288 915 1369 τύμύῳ

254 1378 373 1458 γλυπτὴν
384 1381 413 1439 ἐκ
425 1379 523 1458 πέτρης
538 1379 614 1445 αύτδς
623 1381 684 1458 δρᾷς
698 1379 803 1437 κύλικα.

215 1464 251 1527 Ἥ
265 1465 293 1526 δὲ
311 1466 469 1548 ριλάκρητος
481 1467 527 1525 καί
540 1463 581 1524 ἀεὶ
598 1465 677 1533 λάλος
688 1468 736 1524 ούκ
748 1466 791 1524 ἐπὶ
805 1467 904 1533 τέκνοις

255 1552 383 1632 μύρεται,
394 1557 424 1613 ού
436 1555 532 1614 τεκέων
546 1553 666 1633 άκτεάνῳ
680 1553 784 1633 πατίρε·

215 1641 243 1701 ts
253 1642 280 1700 δὲ
295 1642 349 1701 τόδ’
366 1643 450 1713 αἰάζει
464 1642 510 1703 καὶ
528 1644 573 1701 ὑπ’
589 1641 679 1720 ἠρίον,
690 1641 746 1701 ὅττι
754 1641 785 1701 τδ
798 1642 903 1721 Βάκχου

255 1731 366 1809 άρμενον
377 1734 405 1790 οὐ
425 1730 524 1814 ράιιχου
538 1734 637 1811 πλῆρες
651 1730 741 1790 ίιτεστε
752 1731 838 1811 τάριρ.

427 1881 494 1931 354.
512 1871 784 1932 ΓΑΙἸῸΥΛΙΚΟΥ.

218 2009 325 2069 Παίδιον
337 2009 458 2082 Μηδείης
469 2002 543 2077 uiro<
558 2012 655 2092 τάρος,
669 2011 712 2079 οὓς
725 2015 740 2070 ὁ
753 2010 895 2092 πυρίπνονς

256 2098 329 2165 ζάλας
345 2102 397 2156 τῶν
409 2098 530 2171 Γλαύκης
540 2098 599 2174 Θῦμ’
616 2098 721 2172 ίποίησε
731 2098 833 2177 γάμων,

217 2177 253 2253 οἷς
267 2188 318 2245 αἰεί
333 2186 432 2264 πέμπει
446 2187 606 2264 μειλίγματα
620 2187 730 2267 Σισυρίς
744 2177 804 2258 α’ία,

256 2274 355 2355 μητρδς
370 2276 520 2351 άμειλικτον
537 2274 617 2351 θυμὸν
628 2272 803 2350 ἱλασκομένα.

442 2427 510 2479 355.
533 2419 779 2480 ΔΑΠΑΓΗΤΟΥ.

215 2560 270 2630 Τὴν
286 2558 380 2640 ίλαρδιν
394 2561 481 2639 φωνὴν
494 2561 538 2620 sol
550 2560 653 2638 τίμιον,
666 2549 851 2640 διαταμόντας,

256 2654 293 2724 τῷ
305 2652 414 2728 χρηστῷ
429 2648 553 2727 «χαίρειν
567 2675 578 2700 ι
591 2647 681 2707 εἴποιτε
695 2649 859 2728 Πραξιτέλει·

215 2727 247 2807 ἦν
262 2735 285 2793 δ’
294 2735 365 2815 ὡνηρ
376 2737 505 2796 Μουσέων
518 2736 596 2808 ἱκανὴ
609 2738 697 2816 μερὶς,
711 2738 758 2809 ἡδί
778 2738 842 2816 παρ’
858 2738 918 2819 oleo)

256 2823 375 2903 κρήγνσς.
386 2814 425 2883 Ὦ
436 2824 537 2904 χαίροις
550 2821 652 2903 Ἄνδριε
666 2823 831 2902 Πραξίτελες.

493 2968 555 3018 δδθ.
576 2969 715 3018 ΑΔΗΔΟΝ.

215 3066 255 3122 El:
264 3082 315 3114 τινα
323 3067 369 3115 ύπδ
385 3069 472 3128 λῃστοῦ
482 3068 629 3131 ἀναιρεθέντα
644 3072 684 3119 καὶ
694 3071 735 3121 ὑπ’
749 3072 822 3123 αὐτοῦ
838 3073 908 3123 πάλιν
921 3074 1009 3125 θαπτό-

572 3156 648 3202 μενον.

217 3256 293 3332 Ζωὴν
305 3262 435 3333 συλήσας,
448 3264 518 3345 δωρῇ
530 3263 620 3342 τάρον·
633 3265 700 3324 ἀλλά
715 3288 748 3342 με
766 3266 900 3345 κρύπτεις,

256 3354 284 3411 σύ
299 3353 415 3419 θάπτεις.
429 3350 510 3411 Τοίσυ
521 3352 613 3419 καύτὸς
628 3353 700 3412 ὄναιο
711 3354 802 3436 τάρσν.

518 3497 581 3548 357.
601 3502 696 3549 ΑΛΛΟ.

509 3608 547 3662 Ei:
558 3607 598 3656 τὸν
607 3610 684 3657 αὑτὸν.

219 3720 275 3779 Κάν
290 3742 323 3794 με
338 3718 537 3798 κατακρύπτῃς,
552 3722 587 3785 ὡς
597 3719 695 3787 οὐδενὸς
710 3719 800 3801 ἀνδρὸς
812 3723 931 3800 δρῶντος,

251 3883 322 3946 Quod
332 3883 390 3946 tegit
401 3898 495 3933 arcane
506 3882 584 3932 noetis
596 3883 667 3931 inane
680 3883 753 3933 olraos
767 3898 773 3932 :

217 3966 346 4031 Virginitas
355 3966 425 4016 nobis
438 3976 463 4015 et
474 3964 552 4015 adhue
566 3966 637 4016 illaesa
645 4002 653 4028 ,
662 3968 704 4016 sed
714 3977 783 4018 atrox

251 4053 279 4097 ln
289 4058 394 4098 nostram
407 4047 499 4097 vomuit
508 4049 583 4098 mulla
591 4048 729 4113 pudicitiam
763 4113 767 4119 .

216 4132 376 4183 Archilochus
394 4148 401 4182 ι
420 4140 515 4181 uertens
526 4147 580 4187 sua,
600 4148 649 4181 nou
659 4132 683 4181 in
694 4131 756 4182 laeta
765 4132 871 4183 virorum

249 4212 334 4276 Cloio,
348 4215 389 4263 sed
402 4214 426 4262 in
437 4213 527 4263 lsellnrn
537 4214 642 4263 earmina
655 4213 795 4265 femineum.

216 4300 270 4345 Non
280 4306 345 4355 erat,
356 4296 473 4356 Aonides,
487 4305 590 4346 restrum
600 4296 682 4345 laesura
695 4297 785 4362 puellas

249 4379 291 4429 Nil
304 4379 342 4443 jus
351 4378 444 4428 crisanti
460 4378 554 4427 tradere
566 4377 613 4427 tela
623 4378 684 4428 siro.

442 4477 498 4525 353.
520 4491 652 4523 ιιιτινιτιιι
670 4492 772 4526 arnonn.

216 4576 273 4622 llaec
286 4571 370 4621 aululae
383 4582 439 4621 snnt
448 4571 516 4621 lsruta
530 4572 683 4631 Maronidos,
695 4573 886 4638 inquesepnlcro

249 4656 283 4701 Ex
295 4652 374 4717 lapide
386 4662 421 4702 est
432 4653 550 4718 sculptus,
566 4654 644 4703 cernis
654 4663 679 4702 nt
694 4653 752 4718 ipse,
768 4654 840 4704 calis.

215 4733 346 4786 Multilriba
356 4743 427 4799 mque
440 4735 526 4799 loquax
537 4751 544 4784 ι
557 4751 636 4801 neqno
644 4752 708 4784 nuno
719 4735 749 4784 de
761 4739 828 4803 prola
837 4737 932 4798 relicta,

250 4821 333 4881 Deque
341 4831 389 4863 suae
401 4815 475 4880 prolis
485 4829 590 4885 parspere
601 4826 684 4880 patre,
699 4816 774 4866 rlolel.

218 4903 294 4947 Unam
308 4912 358 4946 rem
371 4895 472 4945 llesstlam
483 4904 551 4961 pariat
564 4905 587 4944 et
603 4882 718 4945 tumulata
727 4933 734 4956 ‚
743 4898 807 4961 quod
818 4908 901 4963 aptum

250 4987 299 5031 Vas
314 4980 408 5030 Bromio
421 4979 509 5029 Bromii
522 4992 621 5029 munera
633 4992 681 5029 non
697 4979 793 5030 lrabeat.

496 5071 564 5127 ‘iia
583 5086 716 5122 emansor.

217 5165 308 5216 Medeae
320 5178 405 5231 pueros
415 5163 472 5230 tegit
483 5163 523 5213 iric
534 5162 610 5230 lapis,
620 5164 703 5213 amula
712 5163 813 5214 Glauces

1077 490 1232 540 obtestamur
1244 488 1413 543 noooioenae
1426 489 1518 540 laetum
1531 489 1693 554 Proserpina,

1047 577 1152 641 virginea
1162 590 1271 627 nosrero
1282 591 1336 628 esre
1343 577 1419 627 etiam
1427 576 1547 627 subterra
1558 591 1564 620 ι
1576 577 1722 628 multavere
1731 578 1837 630 acerbus

1078 664 1161 729 turpis
1169 663 1194 713 in
1210 667 1320 715 nostram
1329 663 1422 737 elladii
1435 664 1600 729 virginitatem

1048 751 1224 810 ,lashlloohos3
1236 765 1405 815 versuumque
1414 752 1541 817 pulchram
1551 754 1674 817 loquelam
1683 768 1733 805 non
1745 755 1769 805 io
1778 756 1835 818 pul·

1078 854 1165 904 opera,
1179 839 1352 891 aoelmuliebra
1361 842 1482 892 convertit
1496 841 1521 892 in
1533 843 1633 893 bellurn.
1763 842 1836 907 [elrra

1048 928 1171 989 Pierides,
1184 927 1246 992 qnid
1256 927 1281 978 in
1294 928 1389 991 puellm
1402 929 1532 993 injuriosos
1546 929 1640 979 iambos

1079 1017 1245 1079 convertistis,
1261 1019 1358 1083 impuro
1370 1016 1463 1068 homiui
1472 1017 1614 1082 gratificatae
1623 1022 1649 1081 l,

1241 1164 1296 1209 353.
1312 1160 1480 1209 antissam
1495 1161 1625 1211 stoonn.

1050 1301 1124 1348 Cana
1137 1297 1185 1348 hoo
1200 1301 1238 1348 est
1253 1300 1441 1349 monumentum
1457 1298 1603 1360 limoniatis,
1615 1298 1687 1360 onius
1701 1299 1726 1349 in
1738 1300 1836 1351 tumulo

1080 1387 1205 1451 sculptura
1218 1400 1232 1437 e
1246 1389 1315 1451 petra
1324 1386 1376 1451 ipse
1388 1385 1458 1438 rides
1465 1386 1565 1438 enicem
1580 1407 1587 1437 ι

1048 1474 1089 1524 illa
1098 1478 1181 1525 autern
1190 1475 1261 1525 bilex
1270 1478 1296 1526 et
1308 1488 1387 1539 usque
1397 1475 1486 1539 loquar
1498 1474 1586 1526 nonde
1598 1475 1681 1540 pueris

1079 1562 1162 1625 dolet,
1173 1577 1253 1628 nequa
1267 1563 1300 1614 da
1313 1577 1448 1627 puerorum
1458 1578 1534 1628 egeno
1544 1567 1633 1628 patre:

1049 1666 1127 1702 unum
1136 1665 1196 1702 vero
1210 1651 1257 1702 hoo
1270 1652 1425 1716 gemiteliorn
1440 1652 1487 1702 sub
1499 1652 1686 1719 tumulo‚qoo‹l
1695 1654 1782 1706 Bsoelsi

1078 1739 1268 1791 instrumentum
1282 1754 1331 1790 non
1353 1739 1448 1794 ummo
1459 1739 1560 1804 plenum
1572 1745 1705 1808 stetsoper
1714 1745 1833 1810 sepulcro.

1319 1886 1374 1934 ³54.
1390 1884 1559 1934 oAETualcl.

1049 2015 1185 2064 Puerorum
1194 2012 1288 2064 nedae
1298 2011 1346 2063 hoe
1360 2016 1398 2064 est
1410 2015 1564 2078 sepulerum,
1574 2029 1636 2078 qnos
1649 2016 1737 2068 ardens

1079 2102 1590 2166 aemulatioGlauoesnnptiarnrnrietimas
1603 2105 1672 2165 leoit3
1744 2105 1834 2170 [tirtel.

1048 2189 1139 2253 quibus
1153 2203 1250 2253 semper
1264 2190 1341 2241 mittit
1355 2191 1492 2255 plammina
1509 2191 1622 2257 Sisyphia
1640 2197 1706 2244 terra
1723 2197 1732 2258 l
1739 2196 1827 2245 Corto-

1081 2280 1168 2331 matris
1181 2280 1391 2345 nesciumplaoari
1400 2282 1509 2332 animrnn
1525 2282 1686 2348 ut·propitiel.

1324 2427 1377 2473 ³55.
1394 2425 1564 2474 Damnum.

1050 2561 1158 2613 Hilarem
1169 2577 1254 2614 rooem
1266 2567 1293 2615 et
1301 2564 1473 2625 honorificam,
1489 2579 1504 2615 o
1516 2565 1640 2629 viatores,

1081 2651 1145 2702 bono
1155 2673 1166 2695 a
1178 2653 1272 2703 salvere
1286 2675 1297 2697 ν
1309 2653 1383 2703 (licito
1397 2653 1525 2712 Praxiteli3

1048 2740 1180 2790 eratenim
1194 2740 1231 2790 rir
1244 2743 1373 2791 illusarum
1382 2740 1456 2805 digna
1472 2755 1541 2804 pars,
1554 2745 1580 2792 et
1593 2744 1657 2794 inter
1669 2743 1758 2807 poeula

1076 2828 1208 2891 jucundus.
1221 2832 1242 2879 0
1253 2829 1329 2891 salve,
1344 2829 1467 2879 err-Andro
1483 2829 1632 2880 Praxiteles!

1340 2998 1394 3044 356.
1416 3005 1553 3050 incanui.

1076 3131 1224 3187 loquendam
1238 3145 1250 3178 a
1264 3133 1371 3190 predone
1384 3134 1484 3179 ooennm
1493 3136 1517 3180 et
1526 3134 1677 3180 abeodelnrle
1685 3136 1810 3191 sepultum.

1049 3271 1129 3322 Vitem
1140 3276 1266 3336 predatus
1275 3272 1565 3337 gratificaristumulum3
1580 3274 1624 3324 sod
1633 3288 1673 3326 me
1682 3275 1804 3330 occultas.

1081 3374 1129 3409 nou
1145 3360 1240 3424 sepelis.
1252 3360 1304 3410 Tali
1312 3361 1386 3411 etiarn
1399 3361 1452 3425 ipse
1466 3361 1556 3412 lruaris
1568 3362 1679 3413 tumulot

1349 3507 1404 3553 357.
1427 3513 1535 3554 saluo.

1369 3624 1394 3664 ln
1403 3620 1509 3666 eundem.

1050 3733 1151 3782 Etiamsi
1164 3746 1204 3783 me
1217 3734 1336 3795 ooorrllas,
1351 3734 1545 3797 tanquamnullo
1558 3733 1658 3784 homino
1671 3733 1776 3794 ridente,

1079 3889 1195 3940 Mactarit
1205 3888 1315 3939 thalamis
1329 3906 1388 3954 qnos
1402 3889 1489 3941 furiata
1505 3907 1600 3958 parens.

1046 3974 1152 4041 Sisyphis
1164 3973 1207 4025 lras
1217 3976 1288 4026 tellus
1299 3976 1370 4025 donis
1384 3974 1531 4024 solemnibus
1542 3974 1639 4025 umbras

1081 4058 1175 4121 Mitigat
1182 4095 1190 4121 ,
1205 4068 1232 4108 ut
1242 4059 1324 4108 manis
1335 4075 1385 4108 non
1397 4058 1436 4124 pia
1449 4057 1509 4108 lacta
1526 4059 1584 4125 piet.

1335 4159 1392 4208 355.
1412 4175 1548 4210 ιιινιιοιτι.

1048 4256 1162 4322 Quisquis
1173 4255 1219 4306 iter
1232 4255 1289 4306 iacis
1299 4255 1360 4313 huo,
1377 4257 1512 4322 blandaque
1525 4257 1630 4323 piaque,
1643 4265 1779 4311 memento,

1081 4343 1148 4388 Voce
1158 4338 1246 4403 rogaris
1260 4354 1304 4388 ave
1316 4338 1396 4388 elisere
1410 4338 1534 4389 Praxiteli.

1049 4423 1110 4470 Nam
1121 4420 1166 4470 lnit
1174 4420 1295 4470 Aonidum
1308 4420 1370 4470 lsona
1383 4420 1471 4486 portio,
1485 4435 1554 4470 verns
1566 4428 1591 4469 et
1604 4419 1667 4469 inter
1776 4482 1779 4485 Ι

1081 4504 1169 4553 Pocula
1180 4519 1187 4554 ε
1199 4502 1230 4553 sis
1241 4504 1310 4564 ielis,
1323 4504 1416 4554 andrie
1426 4503 1566 4556 Praxiteles.

1340 4606 1397 4654 356.
1417 4619 1530 4668 ascsarr,

1172 4693 1203 4742 de
1213 4693 1316 4763 quodam
1325 4711 1342 4743 σ
1348 4693 1464 4762 proedorre
1477 4696 1555 4746 occiso
1567 4707 1591 4745 et
1603 4693 1704 4763 sepulto.

1052 4793 1191 4843 Alistuleras
1204 4792 1293 4856 sitam,
1307 4794 1426 4844 tumulum
1437 4810 1502 4846 noue
1513 4796 1555 4845 das
1566 4793 1627 4844 milri
1640 4809 1647 4843 ε
1660 4793 1739 4852 celas,

1084 4878 1139 4925 Non
1150 4876 1235 4941 sepelis
1250 4875 1301 4926 :sie
1314 4886 1337 4926 et
1349 4887 1373 4926 te
1383 4892 1470 4942 precor
1482 4877 1545 4926 aller
1560 4875 1652 4927 humet.
1738 4908 1743 4915 -

1350 4976 1407 5035 ³57.
1425 4990 1533 5036 arrasam,

1374 5064 1404 5114 de
1415 5064 1506 5117 eodem.

977 5204 982 5216 .
1046 5167 1088 5213 lile
1097 5164 1153 5215 lieet
1162 5165 1397 5224 nonsummum
1407 5167 1474 5215 solur
1485 5166 1576 5217 arbiter
1587 5166 1661 5222 adsit,
1716 5130 1720 5141 1
1759 5134 1762 5139 1
1808 5135 1813 5141 ¹
