4020 5946
609 399 733 462 CAPUT
752 399 816 461 vti.
838 396 1118 461 Ertuuttttitrt
1139 399 1414 462 SEPULGRALIA.
1764 407 1821 468 329

202 514 239 590 'll
254 527 316 608 γάρ,
331 526 481 610 θρινομάνου
494 528 605 610 πόντου,
618 529 728 591 δείσασα
743 530 876 604 θαλάσσης

240 616 314 697 ύόριν
328 616 394 696 &rip
407 618 494 677 κοιλου
510 617 632 698 δούρατος
646 618 774 688 lilitense.

1034 539 1148 590 Profecto
1161 541 1236 605 onim,
1248 543 1330 592 emoto
1343 543 1435 605 ponto,
1451 541 1532 592 verita
1543 542 1651 606 equoris

1063 624 1217 691 violentiam,
1226 640 1288 678 mro
1302 627 1390 678 robore
1400 628 1489 692 (nove)
1502 628 1607 694 desuper
1619 628 1740 682 excidisti.

160 721 174 761 t
200 705 255 767 Καὶ
270 706 316 765 σὸν
333 706 380 779 μὲν
395 715 475 786 ρωνεῑ
489 707 570 786 τάρος
583 706 682 786 οὕνομα
695 754 703 782 ,
717 709 762 767 καὶ
780 708 862 788 χθόνα
879 708 986 787 Κύμην,
1033 713 1818 780 iittunmquidemioquitnrtumulusnomeneiterramCymem

239 793 318 853 όστέα
334 794 361 852 δὲ
378 797 471 895 ψυχρῷ
487 793 588 864 κλύζετ’
604 799 646 854 ἐπ’
660 799 787 878 αἰγιαλῷ,

200 882 292 962 πικρὸν
306 882 492 963 Ἀριστομάχῳ
504 883 594 963 γενίτη
607 885 699 961 κακόν,
710 884 737 953 ός
749 909 778 946 σε
788 885 907 962 κομίζων

241 973 265 1037 i<
279 970 372 1048 γάμον,
385 970 443 1029 οὔτε
457 971 536 1054 κόρην
548 972 645 1052 ἤγαγεν
657 971 715 1033 ούττ
730 972 817 1036 νίκυν.

312 1119 368 1170 992
402 1108 558 1169 ΘθὩΝΟΣ
582 1110 877 1173 ΑΛΕΞΑΝΔΡΕΩΣ.

201 1245 348 1320 ‘ellendune
362 1251 477 1320 Ληναῖτ,
493 1247 579 1325 μίλεις
589 1246 675 1328 τάχα·
690 1249 766 1328 κωρίι
778 1246 806 1308 δὲ
818 1250 906 1329 μήτηρ

215 1424 222 1433 “
241 1336 330 1415 μύρεθ’
343 1335 408 1416 ὑπὲρ
423 1342 534 1416 κρυεροῦ
549 1338 676 1417 δυρομὲνη
691 1361 720 1398 σε
732 1338 824 1411 τάφου.

342 1488 411 1537 29³.
436 1476 615 1538 tzitttpor
637 1480 837 1540 ΑΙΓΕΑΤΟΥ.

241 1616 282 1676 Oti
293 1620 375 1695 χεῖμα
388 1615 556 1697 Νικόρημον,
568 1619 616 1677 odis
630 1617 733 1698 ἄστρων
746 1618 817 1686 δύσις

242 1705 304 1771 ἁλὸς
317 1705 450 1779 Λιόύσαης
463 1706 577 1783 κύμασιν
592 1705 761 1766 κατέκλυσεν·

244 1792 304 1851 ἀλλ’
315 1795 342 1851 ίν
353 1793 472 1872 γαλήνη,
488 1797 535 1874 φεῦ
550 1794 645 1860 τάλαςί
660 1795 782 1877 άνηνίμῳ

242 1880 317 1960 πλόῳ
329 1882 468 1953 πιδηθιὶς,
480 1880 578 1962 ἔρρύγη
595 1883 683 1962 δίψους
695 1883 755 1944 isso.

244 1968 298 2029 liei
312 1968 383 2027 ταῦτ’
395 1967 496 2041 άήττων
510 1969 595 2048 όργον·
608 1961 625 2028 ά
639 1972 720 2030 πόσον
734 1971 815 2030 κακθν

242 2055 375 2116 ναύταισιν
390 2056 407 2130 ἢ
420 2058 569 2129 πνίονττςῆ
586 2062 746 2137 μιμυκότιςί

373 2208 443 2260 294.
465 2202 634 2260 ΤΥΛΛΙΟΥ
655 2202 816 2262 ΛΑΥΡΕΑ.

203 2342 226 2401 Γ
227 2339 304 2421 ρυνία
320 2339 364 2399 τόν
379 2340 508 2418 πρίσόυν,
523 2341 567 2399 τόν
581 2342 720 2422 ἁλιτρύτου
734 2343 788 2401 άπὸ
803 2342 907 2421 κύμόης

242 2431 345 2504 ζῶντα,
358 2428 402 2488 τόν
416 2428 564 2508 ἀγκίστροις
578 2431 623 2488 καὶ
637 2427 764 2507 μογόοντα
779 2430 875 2511 λίνοις,

202 2520 232 2577 ἐκ
246 2521 328 2577 δεινοῦ
343 2525 453 2597 τρηχεῖα
469 2518 554 2579 Νότου
566 2518 692 2576 κατέδυον
703 2517 841 2594 θάλασσα,

241 2605 338 2686 ίόραστ
350 2606 372 2664 δ’
383 2607 408 2672 l<
419 2606 551 2685 κροκάλην
561 2605 660 2685 πρόνίον
672 2607 762 2679 ἠϊόνα,

201 2703 292 2773 χεῖρας
305 2692 503 2774 άποόρωθίντα.
516 2693 564 2761 Τίς
576 2695 605 2752 οὗ
618 2694 675 2755 νόον
690 2694 791 2774 ἰχθύσιν
807 2692 875 2754 είποι

241 2782 368 2861 ίμμιναι,
379 2782 405 2843 ol
420 2783 535 2863 μούνας,
551 2774 591 2851 αἷς
606 2783 740 2856 θλάκοντο,
754 2784 854 2866 ράγον;

329 2936 398 2989 295.
421 2927 587 2988 ΑΕΩΝΙΔΑ
607 2928 861 2988 ΤΑΡΕΝΤΙΝΟΥ.

201 3071 287 3148 Θῆριν
301 3070 344 3129 τὸν
356 3071 523 3150 τριγίροντα,
535 3072 579 3131 τόν
595 3073 712 3152 ιύάγμων
725 3071 778 3132 ἀπὸ
788 3070 889 3152 κύρτων

242 3161 341 3230 ζῶντα,
356 3159 400 3218 τὸν
415 3159 515 3234 αἰθυίης
529 3160 637 3220 πλείονα
652 3161 803 3236 νηξάμενον,

203 3247 422 3327 ἰχθυσιληϊστῆρα
432 3293 440 3320 ,
451 3248 581 3326 σαγηνία,
591 3248 790 3329 χηραμοδύιην,

244 3336 303 3414 ούχλ
317 3338 505 3413 πολοσκάλμου
518 3336 641 3416 πλιύτορα
653 3338 805 3416 ναυτιλίης,

203 3422 291 3501 ίμπης
304 3420 357 3482 οὔτ’
373 3423 524 3503 Ἀρκτοῦρος
536 3423 682 3496 ἀπώλεσεν,
693 3424 751 3484 οὔτε
766 3424 887 3503 καταιγλς

242 3512 326 3583 ἤλασε
337 3511 383 3580 τάς
396 3511 494 3580 πολλάς
507 3516 560 3573 τῶν
574 3512 652 3571 ἐτίων
665 3513 791 3581 δεκάδας’

203 3600 261 3657 ἀλλ’
273 3597 344 3658 ἔθαν’
359 3604 385 3660 ἐν
400 3598 504 3680 καλύόη
520 3598 671 3681 σχοινίτιδι,
685 3599 778 3679 λύχνος
789 3603 884 3673 ὁποῖα,

241 3690 280 3766 τῷ
296 3692 390 3769 μακρῷ
406 3687 522 3756 σύεσθεὶς
536 3690 563 3747 ἐν
576 3688 663 3769 χρόνῳ
678 3689 836 3766 αὐτόματος.

203 3777 284 3853 Σῆμα
296 3775 324 3837 δά
335 3775 405 3835 τοῦτ’
418 3778 448 3834 οὗ
462 3778 554 3843 παῖδες
567 3777 729 3856 ἐῳήρμοσαν,
740 3776 794 3835 οὐδ’
804 3775 976 3857 ὁμόλεκτρος,

203 3946 264 3993 Nam
278 3944 355 4010 pelagi
365 3945 459 4011 trepido
469 3955 562 4012 spectus
574 3944 632 3994 dnm
641 3945 715 3995 corde
729 3945 858 4006 turnultus,

236 4030 264 4075 in
278 4027 389 4076 rubidum
399 4043 490 4077 summa
501 4028 531 4077 de
550 4038 602 4078 rate
615 4027 681 4094 lspst
694 4044 761 4078 msre
772 4044 806 4077 es.

204 4110 274 4158 Nune
286 4108 391 4158 tumulus
404 4124 540 4176 nomenque
553 4119 621 4159 tunm
635 4114 783 4178 Cnmsmqne
796 4111 910 4178 loquetur
922 4127 931 4174 ;

237 4195 295 4241 Osss
304 4192 344 4240 sed
355 4191 380 4240 in
391 4192 470 4256 gelido
479 4193 561 4243 littore
574 4209 655 4259 sparso
670 4195 774 4245 madent

204 4270 257 4320 lbat
270 4271 450 4322 Aristomachus
460 4274 556 4338 genitor
570 4283 594 4324 te
606 4273 669 4323 lerre
680 4276 770 4325 morito
785 4292 792 4326 ε

239 4351 339 4414 Infelix,
352 4369 431 4418 neque
444 4363 467 4403 te
478 4353 567 4420 quippe
580 4370 626 4404 nee
636 4371 689 4405 οων
705 4355 774 4407 leret.
799 4361 803 4368 '

447 4463 504 4526 ²9³·
524 4477 616 4511 rstnots
633 4478 749 4514 ιοιιτιι.

206 4574 277 4622 iluno
288 4569 464 4637 Nicophemum
484 4586 533 4621 non
546 4569 648 4638 hyems,
659 4588 709 4622 non
720 4571 825 4622 siderum

205 4657 323 4715 Occasus,
334 4651 388 4703 tiri
403 4668 452 4703 non
465 4653 533 4703 luror
544 4652 628 4703 mersit
638 4653 683 4704 sali
697 4669 705 4704 z

205 4736 251 4786 Sed
265 4752 308 4802 per
318 4751 427 4786 serenam
437 4734 508 4802 (quis
519 4742 588 4802 putet
597 4734 627 4800 i)
640 4734 765 4802 pellaciam

207 4823 234 4868 in
248 4835 309 4869 nave
321 4828 403 4886 eaptus
414 4819 473 4870 arsit
483 4820 565 4869 iussos
574 4818 623 4869 siti.

207 4906 236 4954 iit
248 4903 294 4953 hoc
303 4903 408 4971 pstmrit
422 4913 524 4954 rentur:
537 4901 557 4952 is
568 4903 648 4952 nautis
661 4903 750 4953 malurn

208 4990 314 5036 immune
323 5002 365 5035 seu
378 4985 419 5035 ilat
428 5023 436 5050 ,
446 4985 496 5036 site
509 4985 601 5053 sopitus
612 4984 675 5035 silet.

448 5106 507 5163 ²94·
525 5113 611 5146 τοισιν
629 5111 741 5146 usuum.

207 5206 304 5271 θηται
312 5205 462 5271 longaevum,
475 5205 514 5256 eui
524 5204 575 5255 lino
586 5204 652 5254 diros
663 5211 687 5253 ei
703 5201 775 5252 lssmo

1065 813 1122 851 osso
1130 815 1190 851 vero
1200 801 1288 867 frigido
1297 803 1445 866 perluuntur
1457 803 1588 866 inditore,

1035 888 1152 939 aoerbsnn
1165 889 1335 941 aristomacho
1344 891 1439 954 parenti
1448 891 1556 954 muium,
1566 892 1611 956 qui
1619 894 1645 942 ie
1653 892 1760 944 evehens

1065 975 1098 1027 sd
1111 976 1222 1042 nuptias,
1234 991 1315 1043 noque
1323 979 1594 1045 nuptomdnsitneque
1602 981 1733 1033 mortuum.

1208 1123 1260 1170 ενα.
1278 1120 1414 1170 THEOiiis
1430 1121 1649 1172 ttuxsrtnrttrtt.

1035 1261 1213 1325 Rumoribus,
1221 1275 1236 1312 o
1245 1264 1341 1325 Leone,
1351 1275 1459 1314 curm-es
1469 1262 1551 1314 ioman
1559 1278 1566 1323 ;
1573 1265 1736 1314 mutumroro
1742 1266 1818 1315 malet

1065 1349 1214 1401 remeantur
1224 1362 1299 1413 super
1313 1349 1401 1415 frigido
1415 1350 1509 1402 dedens
1522 1353 1548 1402 to
1563 1351 1669 1402 mmulo.

1249 1496 1303 1542 293.
1321 1493 1440 1542 istitottt
1458 1494 1609 1545 AEGEATAE.

1035 1628 1088 1678 lion
1100 1627 1208 1693 procella
1216 1627 1407 1693 iiicophemnm‚
1416 1644 1465 1681 non
1474 1633 1598 1683 unorum
1611 1644 1714 1684 ootasus

1035 1716 1110 1767 muris
1123 1715 1208 1781 Libyci
1219 1716 1335 1768 linetibus
1348 1718 1443 1779 obruit3

1035 1803 1080 1854 sed
1092 1803 1118 1855 in
1132 1804 1321 1869 tranquillitate,
1335 1805 1384 1857 ben
1396 1806 1485 1858 miseri
1499 1807 1690 1860 vmnsesrente

1037 1893 1189 1958 οονίμυῐίοιισ
1197 1893 1309 1955 vinetus,
1324 1896 1504 1945 mutuetur-est
1517 1894 1565 1945 siti.

1036 1983 1066 2032 Et
1078 1980 1126 2032 hoo
1135 1984 1265 2033 ventorum
1277 1995 1350 2051 opus.
1358 1980 1438 2032 Proh!
1451 1985 1572 2046 wantum
1586 1983 1680 2034 mulum

1035 2072 1097 2122 sunt
1110 2070 1190 2122 nmis
1205 2083 1251 2122 seu
1260 2071 1382 2134 spirantes
1397 2084 1442 2122 seu
1455 2074 1580 2123 tecentesi

1259 2214 1313 2261 294.
1328 2212 1437 2261 TULLII
1454 2213 1597 2263 LAUREAE.

1037 2354 1162 2415 Gryneum
1174 2352 1350 2418 grandevum,
1364 2353 1433 2403 ilium
1444 2352 1603 2404 mari-attrita
1618 2353 1654 2405 de
1663 2355 1751 2417 epuiis

1066 2438 1203 2501 virentem,
1216 2439 1296 2490 barnis
1308 2438 1460 2491 laborantem
1469 2443 1495 2492 et
1505 2440 1600 2491 retibus
1609 2480 1615 2503 ‚

1036 2543 1051 2579 ο
1064 2529 1166 2581 terribili
1180 2532 1321 2595 asperatum
1335 2532 1399 2582 iloto
1421 2529 1539 2582 demersit
1552 2544 1635 2595 mure,

1068 2619 1188 2683 ejecitque
1200 2618 1226 2669 in
1240 2631 1386 2683 scruposum
1406 2618 1573 2681 manebitur,

1036 2719 1125 2758 manns
1138 2706 1276 2771 depastum.
1292 2706 1354 2765 Quis
1366 2721 1415 2758 non
1430 2709 1537 2758 montom
1548 2705 1657 2771 piscibus
1665 2706 1731 2757 diret

1069 2807 1123 2846 esse
1132 2833 1139 2858 ,
1148 2795 1192 2859 qui
1204 2795 1282 2858 solas,
1291 2794 1382 2859 quibus
1395 2794 1503 2859 periere,
1513 2793 1693 2846 comederunt?

1093 2920 1097 2927 “
1156 3009 1159 3015 ¹
1224 2944 1278 2991 zos.
1297 2941 1447 2989 nuonron
1462 2940 1638 2990 rennuunt.

1036 3079 1127 3131 Theriu
1136 3079 1332 3144 oppidosenem,
1344 3078 1698 3145 bonnm-predamegentibus
1707 3077 1738 3130 de
1746 3078 1825 3129 nassis

1068 3167 1205 3230 virentem,
1220 3181 1303 3233 mergo
1314 3167 1527 3233 mugiret-sepius
1543 3169 1684 3228 unientem,

1037 3256 1327 3320 pisctouoprodstorem,
1340 3256 1612 3318 everriculo-utentem,
1630 3253 1823 3306 oraremus-snb·

1068 3359 1116 3396 non
1128 3344 1420 3396 multis-instructiremis
1434 3346 1535 3395 πταίοντι
1548 3342 1646 3408 navigii,
1695 3341 1822 3406 [eornm.

1036 3435 1120 3484 tamen
1131 3445 1213 3497 nsque
1226 3435 1346 3484 sreturm
1356 3431 1477 3496 perdidit,
1487 3444 1567 3495 neque
1581 3429 1689 3496 procede

1069 3533 1131 3571 enm
1143 3519 1242 3585 subegit
1251 3533 1304 3585 per
1317 3522 1357 3571 tot
1371 3518 1505 3578 θοοσιιιιίες

1037 3608 1082 3659 sed
1090 3611 1254 3660 monemus
1267 3608 1294 3659 in
1307 3607 1406 3673 tugurio
1421 3606 1515 3672 scirpeo
1524 3644 1530 3668 ,
1540 3605 1649 3657 luoernm
1661 3605 1747 3666 iustu,

1067 3696 1139 3762 longo
1149 3697 1287 3748 exstrueus
1295 3696 1321 3747 in
1329 3699 1439 3760 tempore
1453 3697 1604 3759 sponte-sua.
1716 3693 1825 3760 [oonjus,

1039 3787 1227 3837 Monumentum
1244 3787 1328 3837 autem
1349 3784 1398 3835 boo
1412 3797 1461 3834 non
1483 3782 1526 3833 iiiii
1544 3781 1724 3847 oposuerant,
1747 3794 1827 3846 nequo

1069 3945 1161 4013 Cymbe
1172 3945 1246 3996 dnbut
1259 3945 1333 3995 sitam
1345 3960 1394 3994 non
1404 3944 1483 3992 minus
1495 3943 1546 4009 ipss
1554 3958 1643 4003 senes,

1036 4029 1126 4080 Obruit
1141 4029 1205 4080 undu
1219 4028 1262 4079 sali
1273 4036 1394 4079 commota
1407 4025 1542 4077 lus-entibus
1555 4025 1650 4075 Austris
1666 4040 1673 4076 ε

1071 4116 1167 4161 Postera
1179 4110 1301 4161 littoribus
1313 4108 1418 4160 reddidit
1426 4117 1480 4158 orta
1493 4108 1559 4171 dies,

1036 4193 1176 4260 Absumptis
1185 4191 1305 4242 munibus.
1318 4192 1396 4243 Pisces
1411 4190 1505 4240 ratione
1516 4188 1570 4255 quis
1582 4187 1617 4237 uti

1069 4279 1123 4325 ism
1135 4278 1225 4339 neget?
1237 4272 1285 4323 hoe
1297 4274 1387 4332 solum,
1398 4287 1447 4337 quo
1461 4269 1567 4336 periere,
1580 4277 1674 4318 romnt.

1252 4405 1310 4469 295.
1335 4419 1446 4451 norton
1461 4416 1605 4450 rsnrnrnu.

1038 4530 1083 4580 ille
1097 4545 1170 4579 senes
1186 4527 1287 4589 Theris,
1303 4526 1381 4577 inlinis
1393 4527 1434 4593 qni
1452 4526 1536 4594 sepius
1548 4525 1605 4592 ipsis

1070 4612 1144 4664 rtavtr
1154 4648 1162 4675 ,
1172 4611 1203 4661 nb
1216 4625 1329 4677 aequoreo
1345 4609 1383 4660 oui
1397 4625 1467 4675 grege
1482 4610 1556 4659 rietus
1574 4618 1641 4669 στοις

1038 4703 1181 4763 Perreptsns
1194 4710 1266 4758 esra,
1280 4694 1360 4762 prndo
1376 4694 1448 4744 muris
1463 4693 1569 4758 telisque
1578 4691 1673 4757 tageni,

1072 4779 1163 4830 liniens
1177 4779 1202 4829 in
1213 4778 1300 4829 misera
1316 4778 1356 4828 eui
1372 4785 1425 4832 rate
1435 4776 1537 4827 sosimus
1546 4785 1608 4827 erut.

1043 4865 1098 4914 Non
1116 4871 1196 4912 tomen
1213 4865 1320 4912 Amtnro
1331 4860 1421 4922 debet,
1437 4860 1515 4925 neque
1527 4857 1636 4908 tristibus
1649 4856 1749 4922 austris,

1072 4945 1144 5010 Quod
1156 4954 1192 4997 tot
1201 4945 1233 4996 ab
1247 4960 1365 4996 sonorum
1377 4943 1485 4993 cursibus
1497 4941 1627 4992 exciderat.

1038 5027 1152 5095 Pauperis
1161 5027 1275 5079 oeoubuit
1291 5027 1371 5093 tuguri
1384 5026 1430 5077 sub
1448 5024 1567 5085 eulmine,
1582 5023 1658 5088 qualis

1072 5115 1128 5176 igne
1144 5110 1270 5177 absumpto
1284 5125 1327 5160 suo
1341 5117 1425 5176 sponte
1438 5107 1538 5157 lucerna
1549 5104 1623 5171 perit.

1039 5198 1095 5247 Non
1111 5195 1175 5256 nati,
1191 5210 1240 5247 non
1252 5209 1314 5245 ntor
1326 5192 1348 5244 ei
1360 5207 1461 5261 posuere
1473 5187 1645 5257 sepulchrum,
