3986 5950
188 381 247 442 rii
744 375 999 436 ANTHOLOGIAE
1021 373 1222 436 PALATINAE

227 507 350 589 πιίραζον
360 508 472 588 κραδίην
488 505 626 583 πλάσματι
638 505 785 585 κερδαλέυρ·

1041 512 1166 583 tentabam
1174 528 1217 565 cor
1229 516 1286 577 ejus
1300 514 1387 565 callido
1401 518 1554 568 commento:
1695 518 1785 584 [virga

187 624 200 649 ε
214 595 347 673 Βήσομαι
358 598 383 662 ἐς
398 593 482 665 ξείνην
496 592 555 652 τινά
567 615 617 652 που
632 590 809 671 χθόνα·μίμνε
820 590 858 667 δὲ,
872 590 963 671 κούρη,
1011 620 1023 645 α
1040 601 1083 652 lbo
1100 602 1288 666 inperegrinam
1304 602 1411 666 aliquam
1428 606 1533 664 terram;
1553 606 1583 654 tu
1602 606 1686 656 autem
1700 620 1785 670 manc,

226 711 239 736 ι
253 683 376 763 ἀρτίπος,
387 682 514 759 ἡμετέρου
530 684 639 757 μνῆστιν
651 679 748 758 ἔχουσα
759 678 851 738 πόθου.
870 705 884 731 ν

160 786 173 827 o
185 769 220 831 ‘ll
238 770 265 830 δδ
278 768 346 848 μίγα
361 769 506 846 στονάχησε
518 766 564 827 καί
576 765 673 840 illuso,
685 765 731 823 καλ
743 763 772 822 ab
786 763 924 845 πρόσωπον

226 857 325 930 πλῆξε,
341 857 386 915 καὶ
398 856 543 916 εὖπλέκτου
553 854 647 933 βότρυν
666 851 742 932 ίρηξε
752 852 853 929 κόμης,

187 946 231 1005 καί
246 969 279 1023 με
291 944 376 1023 μίνειν
388 944 517 1002 ίκίτευεν·
532 942 584 1019 ἐγὼ
599 941 626 1000 δέ
636 965 674 1008 τις
683 944 717 1007 ὡς
731 939 906 1019 βραδυπειθής

226 1033 326 1108 ὄμματι
341 1032 511 1111 θρυπτομένῳ
522 1029 716 1108 συγκατένευσα
730 1030 818 1107 μόνον.

187 1111 297 1186 ’Oleros
308 1120 335 1188 ἔς
347 1119 426 1177 πόθον
438 1119 493 1195 εἰμί
502 1142 509 1155 ·
519 1118 549 1176 τδ
561 1117 612 1197 γάρ
626 1118 759 1193 μενέαινον
774 1116 886 1175 άνόσσαι

148 1231 172 1270 ιο
223 1206 344 1281 πάντως,
357 1208 393 1275 εἰς
407 1205 524 1283 μεγάλην
537 1211 614 1264 τοῦτο
626 1204 728 1264 δέδωκα
737 1204 825 1283 χάριν.

300 1357 370 1408 288.
393 1345 550 1406 ΠΑΥΛΟΥ
572 1344 856 1405 ΣΙΛΕΝΤΙΑΡΙΟΥ.

187 1484 278 1553 ’Eitea
293 1492 338 1562 μοι’
353 1483 456 1542 πίνοντι
466 1483 641 1565 συνεψιάουσα
658 1481 786 1561 Χαρικλὼ

224 1573 307 1651 λάθρη
320 1571 379 1639 cols<
393 1571 472 1639 ἰδίους
486 1570 624 1652 ἇμρόόαλε
637 1571 794 1650 στεφάνους,

186 1658 541 1827 πῧῗήῖίλδίῖόίθῖιήῗ
553 1656 885 1826 ήίίεῗίῖἶθίίιῖοκέω’
900 1679 924 1713 ‘¹

305 1790 314 1821 ,
809 1788 815 1802 .

292 1894 362 1945 289.
386 1886 553 1945 tractor
575 1885 857 1943 ΣΧΟΛΑΣΤΙΚΟΥ.

189 2022 224 2085 ‘fl
239 2029 319 2104 γραῦς
333 2029 350 2096 ἡ
363 2024 536 2103 τρικόρωνος,
549 2028 566 2094 ἡ
581 2022 722 2104 ἡμετέρους
736 2023 778 2080 διὰ
795 2022 905 2101 μόχθους

225 2111 316 2192 μοίρης
329 2111 458 2189 άμόολίην
474 2110 586 2169 πολλάκι
601 2109 746 2186 δεξαμένη,

187 2196 277 2278 άγριον
290 2191 354 2279 ήτορ
366 2198 436 2277 ίχει,
446 2199 492 2257 καὶ
505 2197 623 2273 θελγεται
638 2195 692 2256 οὔτ’
705 2197 747 2256 ἐπὶ
759 2198 864 2277 χρυσῷ,

225 2283 284 2345 οὔτε
297 2285 431 2366 ζωροτέρῳ
451 2284 548 2361 μείζονι
563 2283 701 2359 κισσυόίῳ·

162 2371 233 2444 scalt
248 2370 343 2453 κοόρην
356 2373 379 2430 δ’
396 2372 446 2430 αἰεὶ
460 2370 656 2450 περιδόρνιεται·
672 2372 695 2430 εἰ
709 2369 737 2430 δέ
751 2372 807 2429 ποτ’
823 2368 903 2441 αὐτὴν

226 2459 333 2540 ἀθρήσει
344 2458 459 2539 κρυφίοις
470 2457 572 2536 ὄμμασι
586 2457 766 2539 ῥεμόομόνην,

186 2541 203 2608 ά
219 2549 288 2628 μίγα
302 2549 467 2627 τολμήεσσαί
485 2547 648 2628 ῥαπίσμασιν
661 2545 729 2626 ἀμφὶ
743 2544 873 2623 πρόσωπα

224 2636 337 2709 πλήσσει
352 2635 399 2706 τήν
416 2635 522 2705 ἁπαλὴν
538 2632 629 2713 οἰκτρά
643 2633 824 2710 κινυρομένην.

184 2726 219 2784 El
234 2723 257 2782 δ’
272 2724 341 2785 ίτεδν
356 2724 399 2783 τόν
413 2719 522 2784 Ἄδωνιν
536 2721 644 2802 ἔρίλαο,
660 2717 854 2800 Περσεφόνεια,

148 2829 173 2869 tc
225 2811 348 2892 οίκταιρον
359 2810 435 2882 ξυνῇς
447 2809 528 2887 άλγεα
543 2808 685 2880 τηκεδόνος.

185 2894 277 2960 Ἔστω
290 2899 312 2958 δ’
327 2898 498 2978 άμροτίροισι
510 2896 585 2975 χάρις
599 2893 663 2971 μία·
677 2899 723 2965 τῆς
737 2891 765 2951 δὲ
778 2897 884 2974 γεραιῆς

226 2985 284 3065 brito
297 2984 344 3057 τήν
359 2985 469 3062 κούρην,
481 2983 542 3062 πρίν
555 3005 581 3040 τι
595 2981 675 3040 κακδν
690 2980 803 3039 παθέειν.

285 3132 354 3185 290.
379 3124 536 3184 ΠΑΥΛΟΥ
557 3118 846 3181 ΣΙΛΕΝΤΙΑΡΙΟΥ.

186 3262 287 3342 Ὀμμα
298 3263 490 3336 πολυπτοίητον
505 3261 705 3321 θποκλέπτουσα
719 3257 859 3336 τεκούσης,

227 3350 350 3429 συζυγίην
365 3351 457 3429 μήλων
471 3351 553 3409 δῶκεν
565 3349 623 3425 ἐμοί
633 3347 726 3430 ῥοδὲων

186 3436 314 3519 θηλυτίρη
325 3437 467 3519 χαρίεσσα.
484 3437 576 3517 Μάγον
591 3434 662 3516 τάχα
677 3433 775 3513 πυρσόν
789 3431 890 3514 ίρόιτοιι

224 3520 360 3607 λαθριδίως
370 3527 461 3604 μήλοις
475 3525 545 3602 μίξεν
561 3522 748 3604 ἔρευθομίνοις·

186 3615 241 3691 εἶμί
253 3614 303 3692 γὰρ
314 3617 328 3671 ὁ
339 3614 446 3689 τλήμων
459 3612 534 3690 φλογί
545 3611 706 3687 σόμτιλοκος·
718 3610 775 3666 ἀντὶ
787 3605 814 3666 δὲ
823 3612 924 3684 μαζῶν,

225 3691 248 3759 d
262 3700 360 3774 πόποι,
376 3700 520 3779 άπρήκταις
535 3700 607 3773 μῆλα
621 3696 691 3776 ρέρω
703 3693 849 3770 παλάμαις.

440 3839 504 3890 291.
523 3841 582 3886 ΤΟΥ
600 3841 706 3887 mot.

187 3965 223 4026 Εἴ
234 3965 292 4024 ποτ’
304 3964 379 4043 ἐμοὶ,
394 3962 539 4044 χαρίεσσα,
555 3964 620 4022 τεῶν
635 3962 698 4021 τάδε
711 3959 831 4036 σόμόολα
847 3962 934 4035 μαζῶν

228 4052 353 4123 ὤπασας,
366 4050 462 4120 altitu
472 4050 519 4122 τήν
535 4050 613 4130 χάριν
627 4052 661 4116 ιδς
675 4047 807 4125 μεγάλην·

187 4143 246 4200 τίδ’
261 4140 303 4199 lei
317 4139 370 4206 τοῖς
384 4138 501 4216 μίμνεις,
515 4139 627 4208 ἀδικεῖς,
642 4134 682 4195 ότι
692 4133 790 4211 λάόρσν
806 4135 907 4211 άνῆψας

226 4230 342 4309 πυρσδν,
358 4228 524 4289 άποσθέσσαι
537 4232 626 4287 τοῦτον
641 4222 805 4298 ἀναινομένη.

186 4317 307 4399 Τήλεφον
326 4320 340 4374 δ
354 4315 456 4396 τρώσας
471 4314 516 4376 καὶ
526 4314 673 4373 άκίσσατο·
685 4309 722 4387 μή
738 4309 816 4389 σόγε,
829 4308 924 4388 κοόρη,

227 4406 262 4472 είς
273 4403 320 4481 ἐμὲ
334 4404 481 4483 δυσμενέων
491 4403 560 4483 γίνεο
575 4400 725 4481 πικροτέρη.

221 4603 293 4649 Hunc
304 4598 395 4663 reperi,
411 4615 502 4664 possem
510 4608 588 4648 certus
599 4604 626 4645 ut
641 4612 699 4657 esse,
712 4593 802 4642 dolum.

189 4687 304 4733 Exiemas
318 4682 386 4742 abeo,
400 4682 460 4741 dixi,
472 4681 613 4745 longinquus
625 4680 654 4727 ad
668 4693 735 4738 oras;

221 4767 257 4814 Tu
271 4773 351 4812 tamsm
369 4778 384 4813 o
396 4763 472 4812 nostri
485 4763 539 4811 vire
547 4761 627 4828 puella
638 4775 739 4809 memor.

190 4844 321 4896 subsiliens
334 4842 448 4909 gemitum
460 4842 525 4891 dedit
540 4852 564 4891 ct
575 4841 621 4891 sibi
635 4840 750 4889 conscidit
761 4854 817 4901 ora,

222 4929 253 4976 Et
266 4925 355 4975 cirrum
366 4924 446 4990 rapuit
459 4923 489 4971 de
500 4923 615 4972 rutilante
626 4935 692 4969 coma
705 4934 711 4968 τ
726 4943 729 4947 v

190 5011 220 5061 Et
232 5016 298 5077 rogat
310 5015 338 5057 ut
350 5022 457 5056 maneam
469 5019 476 5053 ε
487 5019 567 5069 passm
579 5018 617 5051 me
625 5001 700 5050 mulla
712 5000 789 5062 rogari

223 5087 272 5139 Vix
283 5087 358 5140 oculis
371 5088 427 5140 solis
437 5087 502 5152 sigua
511 5084 592 5152 cupita
603 5081 667 5132 dedi.

192 5172 335 5221 Fortunatus
346 5185 426 5219 amans
440 5184 482 5233 ego
496 5182 547 5217 sum
560 5180 568 5215 a
584 5181 628 5231 pro
639 5177 738 5213 munere
751 5174 834 5223 magno

1040 688 1144 754 integra,
1156 690 1233 739 nostri
1247 691 1388 740 memoriam
1402 704 1502 742 servans
1520 692 1617 743 amoris.
1631 713 1643 736 ν

1010 777 1054 827 llla
1067 781 1151 828 autem
1158 776 1315 828 vehementer
1322 777 1454 842 ingemuit,
1464 782 1490 829 et
1499 780 1604 843 exsiluit,
1615 783 1640 832 et
1652 782 1748 833 vultum

1040 864 1118 926 leniit,
1131 866 1156 913 et
1166 863 1298 928 heneplexi
1310 866 1390 929 capilli
1398 881 1472 916 uram
1481 867 1610 928 lacerarit,

1009 956 1033 1002 et
1041 966 1081 1002 me
1088 955 1248 1002 utmanercm
1254 954 1396 1003 obsecrabat
1405 974 1411 1004 ι
1422 968 1466 1018 ego
1473 969 1539 1017 reru,
1550 959 1787 1021 ntegra-persuasus

1039 1040 1111 1091 oculo
1125 1039 1251 1090 thstldmso
1267 1040 1341 1091 anurd
1350 1041 1437 1092 solum.
1671 1044 1786 1108 talionis,

1009 1130 1099 1179 Beatus
1109 1142 1164 1178 sum
1176 1141 1258 1179 amore
1273 1150 1279 1178 :
1296 1129 1363 1191 quod
1377 1129 1442 1179 anim
1454 1142 1512 1179 sana
1525 1130 1653 1193 cupiebam
1668 1132 1751 1181 iacere

1039 1217 1151 1277 omnino,
1165 1216 1233 1266 velut
1241 1230 1353 1279 magnam
1363 1215 1410 1266 hcc
1419 1217 1527 1267 concessi
1538 1218 1646 1281 gratim

1208 1361 1261 1408 288.
1279 1359 1372 1407 PAULI
1389 1359 1584 1408 SlLENTlaltll.

1009 1488 1107 1549 ,Er-quo
1117 1485 1178 1537 mihi
1189 1487 1281 1539 bibenti
1295 1487 1420 1540 colludeus
1436 1488 1547 1540 Chariclo

1040 1575 1103 1624 clam
1116 1574 1226 1638 proprias
1240 1576 1390 1641 circumiecit
1404 1589 1519 1639 coronas,
1654 1578 1787 1642 [quiddam

1009 1662 1071 1726 ignis
1079 1663 1275 1726 perniciosusme
1285 1663 1387 1714 devorat
1396 1685 1403 1714 ι
1411 1664 1518 1715 namhla
1527 1679 1624 1728 corona,
1634 1669 1664 1718 ut
1673 1667 1788 1730 arbitror,

1039 1751 1126 1802 habuit
1139 1752 1208 1816 quod
1221 1752 1296 1803 etiam
1312 1754 1420 1804 Glaucen
1432 1754 1626 1806 Creontisiiliam
1635 1756 1787 1821 deflagravit.

1177 1900 1231 1945 289.
1248 1898 1397 1946 AGATHIAE
1414 1897 1624 1947 schosastlct.

1012 2038 1095 2096 Anus,
1109 2047 1165 2098 quae
1181 2034 1545 2097 trium-risitcornicumsaecla,
1559 2050 1616 2100 qum
1626 2039 1722 2100 postras
1736 2050 1788 2101 pro·

1040 2120 1084 2172 tati
1096 2122 1335 2184 procrastinationem
1345 2136 1410 2188 scope
1421 2124 1535 2185 obtinuit,
1593 2124 1657 2189 [pter
1664 2125 1790 2176 molestias

1010 2223 1105 2260 saevum
1117 2224 1159 2260 cor
1170 2211 1253 2272 hahet,
1263 2214 1288 2261 ct
1301 2213 1424 2263 emollitur
1436 2227 1517 2275 neque
1530 2227 1601 2275 auro,

1043 2310 1123 2360 neque
1130 2299 1263 2352 meraciore
1274 2300 1413 2362 majoreque
1420 2300 1509 2364 poculo

1012 2383 1057 2434 sed
1067 2385 1173 2448 puellam
1186 2398 1281 2449 semper
1293 2386 1487 2449 circumspectat.
1496 2385 1588 2436 sivero
1603 2387 1665 2438 torte
1674 2400 1729 2439 eam

1040 2472 1132 2525 ridebit
1141 2473 1239 2524 turdris
1252 2474 1335 2524 ocellis
1344 2478 1502 2539 evagantem,

1010 2559 1042 2610 ah
1055 2560 1127 2611 valde
1140 2560 1269 2611 audacem!
1281 2562 1389 2625 colaphis
1397 2563 1422 2611 in
1438 2564 1500 2613 facie

1042 2648 1098 2698 terit
1110 2649 1224 2700 tenellam
1241 2648 1410 2700 miserabiliter
1418 2655 1561 2713 gementem.

1013 2738 1037 2787 si
1047 2740 1130 2788 autem
1146 2751 1203 2788 vere
1216 2737 1310 2788 Adonin
1318 2737 1445 2800 amavisti,
1456 2738 1621 2803 Persephone,

1040 2824 1156 2875 mturare
1165 2826 1302 2876 communis
1314 2824 1489 2876 sollicitudines
1497 2825 1655 2890 egritudinis.

1010 2916 1070 2963 Esto
1080 2912 1199 2962 ambobus
1211 2913 1358 2963 beneficium
1367 2927 1458 2975 unum,
1469 2913 1500 2963 ah
1513 2928 1562 2963 anu
1576 2917 1659 2964 autem

1041 3000 1229 3064 liberapuellarn
1238 3004 1369 3065 autequam
1377 3001 1471 3051 malum
1478 3001 1577 3064 aliquod
1590 3001 1753 3065 passa-fucrit.

1209 3148 1262 3193 290.
1280 3145 1373 3192 PAULI
1397 3144 1588 3192 SlLENTIARIl.

1012 3272 1118 3322 Oculum
1131 3271 1342 3322 raldesollicitum
1356 3272 1514 3322 clam-fallens
1527 3272 1614 3322 matris

1042 3372 1087 3423 par
1099 3360 1221 3409 malorum
1234 3358 1303 3410 dedit
1315 3358 1375 3409 mihi
1389 3373 1515 3411 noseorum

1010 3447 1102 3498 femina
1117 3446 1234 3498 amabilis.
1249 3449 1368 3513 hlagicam
1382 3448 1465 3499 forsan
1471 3449 1550 3498 facem
1563 3460 1674 3498 amorum

1042 3534 1128 3586 furtim
1140 3535 1210 3585 malis
1228 3535 1329 3586 miscuit
1344 3535 1497 3587 nubentibus.

993 3624 1071 3671 ·Sum
1090 3621 1155 3672 enim
1175 3621 1251 3671 miser
1264 3622 1369 3671 ilammae
1383 3620 1549 3684 complicitus;
1567 3622 1591 3669 ct
1605 3632 1649 3683 pro
1662 3619 1790 3680 mammis,

1041 3709 1113 3773 cdii,
1129 3710 1213 3760 otiosis
1227 3710 1292 3759 mala
1306 3711 1358 3759 sero
1370 3710 1491 3757 manibus.

1304 3840 1356 3887 291.
1377 3848 1530 3889 muschus.

1010 3972 1036 4021 Si
1048 3970 1123 4035 mihi,
1142 3972 1309 4036 gratapualla,
1328 3973 1429 4021 tuarum
1444 3969 1527 4020 haecce
1545 3968 1654 4030 symbola
1669 3980 1786 4022 mamma·

1042 4055 1148 4122 dedisti,
1158 4057 1264 4123 praedico
1276 4057 1424 4109 heneficium
1436 4057 1484 4107 hoc
1497 4060 1526 4106 ut
1539 4069 1662 4126 magnum.
1726 4055 1792 4118 [rum

1011 4147 1039 4196 Si
1051 4158 1111 4196 vero
1124 4146 1151 4196 in
1159 4146 1195 4197 eis
1203 4145 1317 4196 subsistis
1325 4183 1332 4207 ,
1341 4144 1512 4208 iniquetacis,
1529 4143 1597 4207 quod
1609 4141 1741 4194 violentam
1754 4157 1790 4194 ac

1043 4234 1135 4295 lacem,
1150 4233 1300 4296 exstinguere
1314 4242 1368 4283 eam
1380 4244 1506 4283 recusans.
1669 4228 1791 4295 [condisti

1012 4319 1146 4382 Telephum
1160 4320 1204 4382 qui
1217 4320 1355 4370 rmnerasit
1368 4320 1442 4370 etiam
1456 4320 1552 4371 sanarit
1567 4340 1573 4368 ε
1592 4332 1623 4370 nc
1636 4321 1679 4381 tu,
1693 4318 1788 4382 puella,

1045 4421 1102 4471 erga
1114 4419 1154 4456 mc
1168 4405 1280 4458 hostibus
1294 4406 1340 4457 tias
1352 4405 1480 4456 crudelior.

1045 4604 1189 4666 Expensum,
1202 4596 1266 4647 solui
1276 4605 1360 4662 sponte
1372 4596 1434 4662 quod
1446 4596 1507 4663 ipse,
1521 4599 1574 4647 ruli.

1238 4761 1297 4809 sss.
1316 4774 1390 4807 nanu
1404 4774 1562 4807 ειεειιτιιιιιι.

1015 4927 1050 4973 Ex
1062 4938 1110 4987 quo
1120 4921 1130 4984 (
1139 4935 1194 4968 nam
1206 4915 1317 4980 memini)
1327 4930 1422 4964 consors
1435 4912 1531 4977 vinique
1540 4910 1635 4975 jociquc

1045 4999 1163 5067 Imposuit
1176 4997 1287 5050 Chariclo
1300 4996 1361 5046 clam
1372 5010 1413 5044 sua
1426 5002 1488 5041 serta
1497 4990 1567 5050 mihi,

1013 5089 1069 5152 igne
1080 5099 1174 5134 memor
1185 5091 1248 5132 totus
1262 5097 1269 5132 :
1282 5080 1349 5130 sertis
1359 5078 1384 5127 ni
1394 5076 1463 5125 fallor
1475 5074 1501 5123 in
1513 5073 1570 5134 illis,

1046 5167 1108 5216 lllud
1121 5182 1169 5233 quo
1179 5164 1251 5232 periit
1263 5163 1352 5213 Glauca
1366 5156 1484 5219 Creontis,
1496 5162 1556 5227 erat.
