4000 5952
156 444 158 447 .
227 392 267 450 aa
788 377 1042 439 Anlttomotm
1063 376 1264 436 PALA‘IINAE

229 511 341 595 ἀγλαίη·
354 517 448 595 χαλκῷ
460 511 511 594 γδιρ
526 510 654 570 άνίπλεκε
667 509 777 575 κάλλεος
790 511 889 588 αύγῆν,

228 612 296 670 τοῖος
308 600 375 678 ἰὼν,
386 592 438 668 οἶός
454 622 504 679 περ
520 601 547 658 ἐν
559 597 671 671 Ἀτθίδι,
692 600 786 676 μητέρι
802 595 907 674 μύθων,

187 724 214 758 ης
230 691 340 770 ἀνδράσι
353 688 534 765 Κεκροπίδησι
548 687 696 768 πολύφρονα
716 689 794 763 μῆτιν
805 686 926 766 ἀγείρειν.

1052 507 1139 557 urens
1150 527 1157 556 ι
1169 506 1213 558 aa
1226 506 1291 557 enm
1300 494 1651 571 aamroemtpucoutuunu
1661 506 1772 570 πωπω,

1049 595 1105 647 talis
1120 598 1203 659 stans,
1215 594 1329 659 qualisin
1342 594 1434 657 Attica,
1445 597 1524 645 matre
1531 607 1685 656 sermonum,

1049 683 1109 735 viris
1118 682 1260 748 cecropidis
1270 681 1379 746 prudens
1391 681 1521 733 consilium
1532 695 1623 733 serens.

267 776 375 858 Χρύσης
391 775 414 834 δ’
435 769 491 833 αὖθ’
504 772 587 855 ίερεδς
603 773 685 839 πύλας
700 770 808 844 ἵστατο,
825 771 940 850 δεξιτερῇ
961 769 1009 848 μὲν
1081 775 1193 822 Gffltffl
1203 784 1291 822 furtu!
1305 770 1419 822 mid&
1429 783 1506 836 Pffllie
1519 771 1600 832 siem,
1613 770 1699 822 dmm
1710 771 1810 835 quidm

229 869 361 944 σκῆπτρον
376 861 557 942 διασχόμενος
576 858 721 932 Φοιόήῖον,
738 861 764 917 iu
782 857 810 917 δὲ
824 858 930 939 καρήνῳ

1050 863 1176 924 sceptrum
1185 862 1275 941 tenens
1282 858 1430 922 Phoebeum,
1440 859 1466 911 in
1477 858 1556 922 capite
1564 861 1649 909 autem

228 952 335 1028 στέμμα
349 949 450 1031 φύρων·
463 948 565 1027 μεγέθει
576 947 604 1007 δὲ
616 944 777 1023 κεκασμένος
787 945 886 1027 ἔπρεπε
897 949 1008 1028 μορφῆς,
1050 963 1163 999 coronam
1176 952 1274 1013 gestans
1285 948 1379 1014 (grandi
1391 948 1432 999 ille
1445 949 1524 999 torma
1537 946 1672 1009 eminebat,

226 1028 269 1096 οἷά
283 1059 333 1116 περ
345 1035 439 1117 ἡρώων
453 1035 522 1115 ἱερὸν
536 1034 621 1114 γένος·
632 1039 667 1101 ὡς
681 1032 764 1092 δοκέω
778 1032 823 1108 δί,

187 1138 214 1176 ⁹⁰
228 1124 359 1202 Ἀτρείδην
374 1124 490 1183 ἱκέτευε·
506 1119 586 1200 βαθύς
595 1121 623 1179 δί
636 1124 660 1180 oi
675 1120 751 1193 ήνθεε
761 1118 876 1197 πώγων,

228 1211 273 1270 καὶ
287 1213 387 1282 ταναῆς
397 1209 527 1275 ἄπλεκτος
542 1206 648 1287 ίσύρετο
664 1206 757 1286 βότρυς
768 1206 876 1285 ἐθείρης.

1050 1038 1116 1101 quali
1130 1037 1342 1089 sacrumberoum
1351 1050 1428 1102 genus
1437 1035 1458 1100 );
1471 1039 1549 1100 utque
1559 1034 1654 1099 oplnor,

1050 1127 1150 1178 Atriden
1158 1126 1317 1191 irnplorahat3
1331 1126 1424 1191 prolixa
1435 1129 1519 1177 sutem
1533 1126 1557 1177 ei
1570 1125 1673 1176 florebat
1680 1124 1772 1187 barba,

1050 1222 1075 1269 et
1087 1220 1166 1284 longa
1175 1218 1282 1270 incomta
1295 1216 1438 1269 trahebatur
1446 1231 1495 1268 ura
1504 1216 1620 1268 cresariei.

268 1298 373 1376 Καῖσαρ
388 1297 414 1354 δ’
424 1294 501 1374 ἔγγὺς
517 1294 636 1371 ἔλαμπεν
649 1292 810 1366 ’ίοθλιοι,ὅε
823 1318 887 1353 ποτε
899 1292 1008 1371 Ῥώμην
1082 1311 1165 1358 lunius
1176 1309 1264 1357 crasa
1275 1319 1352 1370 prope
1362 1305 1518 1370 splendebat,
1528 1305 1573 1370 qui
1587 1304 1719 1369 aliquando
1732 1308 1835 1356 Romam

231 1385 356 1443 dauthius
372 1385 479 1465 ἔστεψεν
493 1383 664 1462 άμετρήτοισι
683 1381 789 1462 βοείαις.

228 1474 326 1553 Αἰγίδα
342 1472 389 1551 μὲν
404 1473 569 1552 βλοσυρῶπιν
585 1469 725 1548 ἐπωμαδὸν
744 1460 791 1542 ήεν
808 1467 916 1547 ἀείρων,

186 1579 213 1617 es
227 1561 341 1642 δεξιτερῇ
352 1561 380 1619 δὲ
391 1559 517 1641 κεραυνὸν
529 1559 661 1638 ἀγάλλετο
675 1556 747 1638 χειρί
760 1557 889 1635 κομίζων,
955 1596 959 1603 -

226 1642 268 1710 οἷα
284 1650 349 1719 Ζεὺς
362 1649 418 1716 νέος
428 1649 505 1715 ἄλλος
516 1650 543 1707 ἐν
557 1646 723 1707 Αύσονίοισιν
737 1644 850 1705 ἀκούων.

264 1737 393 1810 Είστήκει
413 1737 440 1796 δὲ
460 1735 573 1796 Πλάτων
589 1735 746 1811 θεοείκελος,
760 1734 846 1811 ύπρὶν
856 1732 978 1804 ’Ἀθήναις

227 1826 311 1895 δείξας
328 1826 433 1906 κρυπτδι
445 1826 555 1885 κέλευθα
569 1825 731 1904 θεοκράντων
741 1823 869 1903 ἀρετάων.

266 1909 365 1986 Ἄλλην
379 1915 402 1971 δ’
417 1911 588 1991 εύπατίρειαν
598 1910 653 1969 idos
664 1912 765 1990 χρυσῆν
779 1908 947 1989 Ἀφροδίτην,

175 2026 215 2066 too
227 1999 328 2079 γυμνὴν
340 1998 556 2078 παμφανόωσαν·
569 1997 612 2055 ἐπὶ
628 1998 741 2076 στίρνων
757 1996 783 2055 di
798 1996 901 2067 θεαίνης

229 2087 336 2169 αὐχένος
351 2086 377 2156 ἐξ
389 2085 499 2145 ὑπάτοιο
512 2086 600 2165 χυθεὶς
610 2087 738 2153 ἐλελίζετο
747 2084 847 2151 κεστός.

267 2176 375 2237 Ἵστατο
385 2176 409 2233 δ’
424 2173 633 2255 Ἑρμαφρόδιτος
644 2175 787 2252 ίπήρατος,
798 2170 852 2232 οὔθ’
863 2171 921 2239 ὅλος
930 2172 1007 2251 ἀνὴρ,

229 2262 285 2323 οὐδὲ
300 2262 379 2342 γυνή·
391 2261 482 2340 μικτὸν
493 2260 543 2340 γὰρ
558 2260 603 2333 ἔην
615 2261 722 2341 βρέτας·
733 2252 750 2334 ἦ
770 2260 841 2340 τάχα
852 2266 943 2340 κοῦρον

231 2349 362 2431 Κύπριδος
376 2351 513 2410 εύκύλποιο
526 2348 572 2408 καὶ
582 2347 739 2430 Ἐρμάωνος
753 2348 857 2430 ίνίψεις·

177 2468 214 2507 tus
230 2438 327 2513 μαζούς
337 2439 384 2515 μίν
397 2438 575 2520 σφριγόωντας
585 2437 710 2497 ἐδείκνυεν
717 2483 726 2511 ,
740 2428 821 2497 οἷοίτε
833 2438 930 2517 κούρη·

1051 1395 1160 1445 hostium
1172 1394 1308 1446 innumeris
1323 1394 1449 1446 decoravit
1459 1394 1531 1444 coriis
1539 1393 1648 1444 bubullo.

1052 1482 1138 1546 AEgida
1146 1481 1247 1547 quidem
1259 1480 1400 1533 horribilem
1412 1480 1517 1533 humero
1529 1481 1653 1546 gestabat,

1052 1570 1136 1622 dextra
1148 1584 1207 1621 uero
1221 1585 1296 1621 mauu
1313 1571 1405 1622 iulmen
1417 1570 1554 1622 exsultabat
1567 1570 1661 1632 ferens,

1052 1657 1124 1721 quasi
1138 1658 1201 1707 alter
1215 1658 1399 1722 Jupiternorus
1408 1657 1491 1709 dictus
1500 1658 1564 1709 inter
1577 1657 1706 1708 Ausonios.

1084 1745 1184 1797 Adstitit
1197 1748 1278 1796 Puero
1289 1760 1388 1810 quoque
1400 1745 1513 1808 diurnus,
1529 1745 1572 1809 qui
1585 1744 1680 1809 pridem
1689 1742 1790 1796 Athenis

1053 1834 1161 1883 occultas
1169 1833 1315 1883 monstrarit
1328 1833 1382 1883 uias
1398 1832 1535 1883 coelestium
1548 1832 1677 1883 uirtutum.

1085 1920 1162 1970 Aliam
1178 1919 1371 1982 indeciduam,
1388 1922 1635 1985 etaropsuo-mum,
1653 1934 1754 1970 auream
1761 1924 1839 1971 Vsus·

1053 2008 1157 2069 nudam,
1167 2007 1384 2067 totam-nitentem
1395 2005 1473 2055 sedin
1483 2009 1581 2069 pectore
1592 2005 1645 2056 deae
1768 2007 1836 2071 lans,

1053 2111 1082 2148 ex
1100 2109 1197 2148 summa
1210 2093 1304 2146 uertice
1314 2092 1682 2153 iususeoncutiebaturcestus.

1084 2185 1168 2236 stabat
1176 2184 1210 2236 ibi
1221 2187 1247 2235 ct
1256 2186 1476 2235 Hsunsnsaonrms
1489 2182 1612 2246 amabilis,
1622 2196 1702 2247 neum
1715 2187 1782 2236 totus
1790 2185 1838 2247 uir,

1055 2288 1135 2339 neque
1146 2273 1236 2324 mulier
1246 2292 1254 2325 2
1263 2272 1339 2324 mnu
1351 2272 1417 2322 enim
1427 2274 1479 2322 erat
1489 2271 1569 2337 imago
1578 2294 1585 2322 :
1594 2286 1651 2323 sune
1658 2271 1729 2324 facile
1734 2288 1839 2337 puerum

1054 2364 1165 2430 cypridis
1176 2376 1319 2415 mammosa)
1330 2363 1356 2413 et
1363 2362 1476 2413 Mercurii
1485 2361 1553 2413 dices
1569 2383 1576 2412 ι

1053 2466 1174 2504 mammas
1184 2451 1285 2516 quidem
1295 2453 1423 2515 turgentes
1431 2449 1597 2510 monstrabat,
1613 2451 1642 2499 ut
1652 2449 1746 2512 puella,

230 2531 323 2604 σχῆμα
338 2523 366 2585 δὲ
388 2534 470 2584 πᾶσιν
484 2525 573 2607 livit
591 2525 754 2604 φυτῡσπύρθν
779 2526 885 2604 ἄρσενος
906 2525 1009 2598 addidi,
1054 2542 1099 2593 sod
1110 2542 1215 2592 sormam
1223 2542 1379 2606 generantem
1392 2538 1469 2588 uirilis
1477 2536 1586 2601 pudendi
1601 2536 1715 2587 omnibus
1728 2536 1842 2588 ostende·

230 2613 302 2685 ξυνῆς
315 2608 425 2691 αἰγλαίης
435 2613 615 2693 κεκερασμίνα
628 2612 737 2690 σήματα
749 2612 858 2691 φαίνων.

269 2700 420 2778 Παρθενινιὴ
433 2702 457 2759 δ’
472 2699 584 2780 Ἤριννα
596 2700 729 2780 λιγύθροος
742 2698 814 2770 ἵζετο
831 2698 931 2779 κούρη,

233 2788 262 2844 oh
278 2788 353 2864 μίτον
366 2787 534 2868 ἀμφαφόωσα
549 2783 733 2859 πολύπλοκον,
748 2788 807 2845 ἀλλ’
817 2787 854 2845 ἐνὶ
869 2789 931 2864 σιγῇ

178 2895 217 2936 stu
230 2877 357 2953 Πιερικῆς
372 2875 537 2956 βαθύμιγγας
552 2874 756 2934 ἅποσταλάουσα
772 2874 908 2950 μελίσσης.

1055 2630 1192 2680 communis
1201 2628 1291 2693 speciei
1298 2627 1373 2677 mixta
1382 2626 1451 2690 signa
1461 2628 1607 2675 monstrans.
1774 2624 1839 2689 [but.

1086 2715 1161 2780 virgo
1175 2717 1259 2764 autem
1266 2716 1362 2763 Εαιιιιεε
1371 2711 1487 2772 sedebat,
1497 2722 1586 2760 canora
1594 2709 1687 2772 pirella,

1054 2816 1103 2851 non
1120 2802 1277 2853 illatractans
1286 2798 1540 2863 multipliciter-nexa,
1550 2795 1595 2848 ced
1608 2796 1705 2848 silentio

1055 2892 1143 2942 Pierim
1158 2893 1241 2954 guttas
1252 2890 1305 2953 apis
1317 2887 1450 2939 destillans.
1762 2885 1841 2951 [deas

271 2961 348 3032 Μήτι
369 2962 449 3042 λίπῃς
464 2963 634 3040 Τέρπανδρον
657 2955 778 3040 ἐύθροον,
793 2952 823 3020 ού
838 2962 909 3040 τάχα
933 2961 1011 3042 φαίης
1084 2980 1152 3029 ltere
1168 2980 1282 3029 transeas
1294 2980 1460 3026 Tsnnmnnnu
1473 2974 1660 3039 surdaonum,
1679 2975 1750 3041 culus
1769 2976 1842 3029 facile

230 3048 361 3125 ἔμπνοον,
377 3051 424 3108 ούκ
438 3048 566 3130 ἄφθογγον
580 3050 643 3107 ίδεῖν
653 3048 761 3128 βρίτας·
775 3053 810 3115 ὡς
820 3049 871 3131 γδιρ
884 3044 945 3127 ὀίω,

231 3136 379 3211 κινυμίναις
393 3138 568 3217 πραπίδεσσιν
581 3136 708 3201 ἀνέπλεκε
722 3136 835 3212 μύστιδα
850 3136 964 3213 μολπήν,

231 3322 444 3389 Membrorumque
455 3324 521 3389 uigor
530 3324 642 3390 juvenilis
659 3324 684 3374 in
698 3340 745 3374 aere
760 3335 878 3376 comsoat.

233 3405 298 3455 Talis
311 3404 395 3467 adest,
408 3405 485 3471 qualis
496 3414 616 3471 spectatus
628 3406 653 3454 in
665 3405 767 3457 Atthide
780 3407 851 3457 turha

232 3486 337 3537 Consilio
348 3487 466 3553 prudente
484 3488 561 3537 tribus
577 3488 705 3554 linguaque
715 3488 835 3539 trahehst.

500 3640 572 3686 xvt.
591 3641 628 3685 De
649 3634 747 3703 Chryse.

233 3771 288 3819 Non
300 3769 385 3835 procul
398 3767 454 3817 inde
470 3767 530 3833 gerit
543 3767 645 3834 Chryses
657 3766 760 3816 Phoebea
772 3768 881 3817 sacerdos

232 3854 331 3916 Sceptra
342 3866 429 3912 mauu,
439 3865 506 3899 sacra
518 3849 596 3899 crines
607 3849 702 3898 velante
715 3865 803 3899 corona
817 3866 824 3899 :

234 3937 324 3984 Tantus
336 3933 421 3983 irontis
438 3931 527 3994 honor,
540 3941 607 3982 muto
618 3948 643 3981 se
655 3947 757 3999 corpore
768 3933 833 3982 tollit
849 3948 856 3982 ι

235 4019 343 4066 tleroum
357 4023 564 4082 patetessegenus
580 4029 588 4065 ι
603 4013 630 4062 ni
642 4012 723 4076 iaIIor,
736 4014 827 4064 Atride

233 4099 371 4166 Supplicat3
386 4098 416 4147 ad
425 4107 507 4164 pectus
521 4096 655 4147 demittitur
669 4096 762 4163 hispida
776 4096 867 4157 hurbe,

234 4188 264 4234 Et
277 4184 353 4248 gravis
369 4183 462 4233 inculto
473 4181 562 4248 pendet
573 4182 603 4230 de
618 4179 685 4231 crine
697 4181 834 4248 corymbus.

451 4322 533 4369 XVII,
553 4322 590 4368 De
609 4316 672 4366 Iulio
691 4319 794 4367 Casure.

237 4456 314 4508 lulius
326 4455 370 4506 hos
385 4456 493 4521 sequitur
505 4459 591 4519 Caesar,
603 4472 651 4522 quo
662 4455 762 4522 preside
775 4460 853 4505 Roma

237 4537 350 4586 Hostibus
361 4546 455 4603 ereptos
465 4547 587 4588 scutorum
601 4538 661 4587 uidit
673 4552 769 4587 aceruos
779 4553 786 4588 ι

236 4622 316 4668 Torua
326 4627 396 4669 tuens
407 4618 514 4669 humeris
532 4620 666 4684 ingentibus
680 4620 767 4670 insidet
777 4621 831 4685 segis
844 4637 851 4670 τ

238 4699 355 4751 Fulminis
364 4699 518 4753 homisonum
528 4703 653 4754 minitatur
664 4704 763 4753 dextera
774 4704 867 4756 telum:

240 4785 309 4833 Alter
322 4782 364 4835 hic
374 4793 412 4835 est
425 4784 510 4852 patrius
522 4786 618 4835 Latialis
628 4786 740 4852 Iuppiter
755 4786 819 4836 urbi.

487 4922 582 4969 xvttt.
601 4923 639 4967 De
656 4918 764 4969 Plutone.

242 5055 293 5100 Stat
303 5051 371 5102 Plato
382 5068 426 5117 par
437 5053 550 5119 Superis,
563 5053 623 5119 qui,
636 5053 699 5120 quod
709 5053 754 5103 suh
765 5062 836 5105 nocte
848 5053 953 5120 latebat,

243 5134 336 5185 Divinae
346 5134 443 5187 virtutis
454 5137 501 5188 iter
509 5138 619 5205 praeluxit
631 5136 740 5189 Athenis.

1054 3065 1200 3129 spirantem,
1208 3080 1257 3116 non
1269 3063 1465 3127 mutam,videre
1473 3063 1616 3129 imaginem:
1627 3067 1656 3114 ut
1669 3064 1734 3114 euim
1746 3065 1833 3129 opinor

1054 3152 1183 3202 commotis
1195 3151 1338 3215 praecordiis
1352 3150 1459 3216 fingebat
1476 3152 1608 3215 mystIcum
1622 3154 1734 3213 cantum,

1291 3353 1364 3399 xlx.
1385 3354 1421 3399 De
1441 3354 1530 3399 Vertere
1547 3348 1605 3401 ulia.

1062 3477 1146 3527 Altera
1157 3486 1283 3543 conspecta
1297 3485 1333 3526 est
1345 3477 1418 3527 etiam
1430 3481 1512 3527 Venus
1520 3493 1593 3526 aurea
1607 3476 1692 3539 nobis,

1061 3562 1139 3626 Digna
1146 3561 1213 3611 Joris
1224 3562 1333 3623 soboles,
1345 3561 1449 3610 formoso
1461 3576 1562 3627 corpore
1575 3569 1628 3609 toto

1062 3646 1149 3706 Nuda,
1160 3645 1200 3695 sed
1213 3661 1243 3694 ex
1255 3654 1339 3694 tenera
1352 3653 1430 3693 cestus
1440 3644 1533 3693 cervice
1544 3644 1643 3693 fluebat.

1276 3770 1338 3818 XX.
1358 3772 1395 3817 De
1412 3765 1624 3834 Hermaphroditus.

1062 3889 1279 3957 Hermaphroditus
1290 3890 1375 3948 adest,
1388 3906 1433 3940 nec
1447 3890 1494 3952 uir,
1507 3906 1552 3939 nec
1562 3888 1650 3940 iemiua
1665 3898 1743 3951 totus,

1062 3973 1140 4022 Mixto
1149 3972 1190 4020 sed
1204 3971 1292 4035 eiiigies
1305 3989 1312 4022 :
1325 3980 1456 4037 conspectu
1470 3971 1577 4037 corporis
1588 3971 1667 4038 ipsum

1063 4055 1186 4105 Mercurio
1198 4056 1261 4104 dices
1274 4064 1299 4104 et
1312 4054 1415 4121 pulchra
1426 4055 1529 4119 Cypride
1542 4063 1635 4105 natum.

1063 4142 1183 4189 Monstrat
1197 4137 1302 4201 uirgineo
1312 4144 1432 4200 turgentes
1447 4151 1513 4185 more
1527 4136 1642 4204 papillas,

1064 4224 1185 4270 Monstrat
1194 4218 1226 4267 ah
1238 4217 1374 4282 inguinibus
1382 4226 1462 4283 partes
1475 4217 1527 4267 sitm
1541 4228 1606 4268 ueste
1618 4228 1742 4285 paternas,

1063 4304 1142 4354 Mixta
1156 4316 1239 4368 gerens
1250 4301 1345 4365 gemino
1354 4301 1384 4350 de
1397 4316 1455 4350 sexu
1465 4300 1530 4366 signa
1542 4301 1644 4353 decoris.

1327 4428 1402 4475 XXI.
1417 4429 1455 4475 De
1471 4427 1574 4479 lirinus.

1065 4550 1111 4601 llic
1121 4550 1211 4601 lirinnu
1225 4550 1305 4609 sedet,
1320 4549 1386 4615 uirgo
1397 4560 1494 4601 cantare
1507 4549 1584 4618 perita
1599 4566 1606 4601 ι
1706 4547 1710 4555 ’

1066 4641 1140 4685 Pensa
1151 4651 1223 4685 manu
1233 4651 1282 4685 non
1300 4643 1401 4697 tractat3
1414 4634 1465 4701 apis
1476 4636 1518 4684 sed
1529 4636 1610 4685 sedula
1622 4650 1690 4685 more

1067 4717 1173 4766 Pieriam
1190 4717 1263 4767 tacito
1277 4717 1384 4766 destillat
1396 4725 1493 4784 pectore
1507 4725 1597 4767 nectar.

1305 4847 1391 4893 xxtt.
1411 4848 1448 4894 De
1464 4842 1612 4913 Terpuudro.

1068 4977 1113 5027 Sed
1125 4993 1203 5044 neque
1212 4979 1352 5045 Terpander
1365 4978 1409 5029 tibi
1421 4978 1614 5046 praetereundum
1630 4978 1656 5029 in
1668 4980 1720 5048 ipsu

1068 5062 1123 5107 AEre
1134 5059 1213 5108 uirum
1228 5060 1320 5125 spirare
1335 5069 1404 5125 putes
1419 5076 1426 5110 ι
1441 5059 1476 5109 ita
1490 5059 1583 5108 uiuidus
1595 5076 1651 5111 ecce

1069 5141 1154 5191 Dulcia
1168 5141 1254 5191 divinis
1267 5141 1398 5191 meditatur
1409 5142 1515 5193 carmina
1528 5141 1591 5192 curia
1607 5159 1614 5193 :
