3970 5944
80 1045 133 1087 J

16 2809 32 2871 t?

15 2948 102 3016 :lum
128 2990 132 2997 ,

233 366 294 431 aas
792 362 1047 425 annnonoonm
1068 362 1274 423 nasaniam

364 503 437 559 aaa.
464 464 617 558 sumna
638 497 878 558 nnaonolor.

232 639 341 701 Astatia
357 638 389 712 δὴ
404 638 466 697 τάδε
482 639 563 718 πατρὶ
574 636 641 719 μίλῳ
655 638 715 718 περὶ
727 642 799 718 χεῖρε
816 639 934 715 βαλοῦσα

271 717 323 786 εἶπ’
338 727 457 807 Ἐρατὼ,
468 728 579 806 χλωροῖς
594 728 703 802 δάκρυσι
717 725 867 801 λειδομίνα·

1282 507 1337 554 odd.
1356 504 1472 552 aum
1485 504 1620 552 mulum.

1059 641 1198 691 Novissima
1216 640 1318 704 quidem
1331 640 1386 693 hano
1402 641 1466 704 patn'
1479 654 1551 703 caro,
1570 641 1684 692 manibus
1702 656 1763 694 entia
1777 658 1849 694 oom-

1091 729 1152 780 dixit
1162 732 1248 791 Erato,
1261 730 1354 793 vegetis
1366 729 1473 780 lacrimis
1484 729 1581 781 stillans
1595 750 1601 780 :
1743 731 1847 795 [plexa‚

233 843 243 867 ι
257 806 297 876 Ὦ
312 816 395 893 πάτερ
404 858 412 886 ,
427 815 456 875 οὗ
468 838 507 874 τοι
522 816 559 874 ἔτ’
575 815 645 890 εἰμὶ,
661 816 743 892 μέλας
763 815 786 873 δ’
798 814 860 889 ἐμὸν
875 813 950 890 ὄμμα
964 836 1013 871 κοι-
1061 838 1073 864 ι
1089 823 1110 870 0
1122 823 1199 883 pater,
1210 833 1258 869 non
1266 818 1312 870 tibi
1317 819 1369 883 J‘am
1378 832 1448 880 snm,
1458 818 1504 870 sed
1512 822 1566 869 atra
1574 832 1658 869 meum
1668 820 1768 870 oeulum
1779 821 1849 871 velat

275 930 287 955 ι
304 903 355 975 ἤδη
366 902 545 983 ἀπορθιμένης
558 903 668 962 κυάνεον
680 902 788 969 θάνατος
803 930 827 962 ν.

326 1054 395 1105 647.
417 1045 639 1116 ΣΙΜΩΝΙΔΟΥ,
660 1041 726 1103 otti
742 1044 920 1105 ΣΙΜΜΙΟΥ.

230 1185 355 1247 Ὕστατα
367 1185 399 1257 δὴ
415 1186 473 1246 τάδ’
488 1186 560 1245 ἔειπε
575 1188 652 1266 φιλην
665 1185 726 1246 πστλ
736 1185 837 1266 μητέρα
849 1187 942 1267 Γοργὼ

198 1274 207 1285 ’
270 1273 449 1355 δακρυόεσσα,
463 1272 538 1354 δέρης
553 1275 643 1355 χερσὶν
657 1272 835 1354 ἔφαπτομάνη·

232 1395 242 1416 ι
256 1355 321 1425 Ait:
334 1362 499 1442 μάνοιςπαρδι
510 1363 605 1441 πατρὶ,
617 1362 698 1430 τέκοις
709 1364 731 1421 δ’
744 1361 788 1421 tat
802 1360 881 1442 λῴονι
895 1364 975 1446 μοίρᾳ

273 1480 284 1503 ι
298 1452 396 1527 ἄλλον,
409 1455 447 1530 σῷ
457 1454 541 1531 πολιῷ
553 1451 634 1530 pipat
646 1448 779 1526 καδεμάνα
792 1476 814 1511 ν.

352 1602 421 1653 ota.
445 1592 614 1652 ΑΕΩΝΙΔΑ
638 1592 894 1653 ΤΑΡΑΝΤΙΝΟΥ.

231 1729 339 1797 Ἐσθλδς
349 1728 550 1808 Ἀριστοκράτης
568 1729 606 1788 ὅτ’
618 1727 747 1789 ἀπέπλεεν
763 1732 797 1795 εἰς
814 1728 970 1808 Ἀχέροντα,

272 1809 324 1876 εἶπ’
337 1818 515 1897 ὀλιγοχρονίης
530 1816 664 1896 ἁψάμενος
677 1819 802 1893 κεφαλῆς·

231 1929 244 1957 ι
259 1905 367 1964 [laidus
377 1929 416 1971 τις
431 1905 576 1981 μνήσαιτο,
593 1907 637 1961 καλ
651 1902 792 1964 ἑδνώσαιτο
805 1906 932 1983 γυναῖκα,

272 2019 285 2043 ι
296 1993 319 2050 εἰ
330 1991 376 2050 καί
390 2015 434 2067 μιν
446 1991 536 2052 δάκνον
553 1990 689 2058 δυσὸίοτος
705 1993 791 2064 πενίη·

192 2095 206 2135 t
233 2106 245 2130 ι
260 2078 328 2149 ζωὴν
338 2078 511 2139 στυλώσαιτο·
521 2078 600 2146 κακὸς
612 2080 635 2137 δ’
646 2078 755 2147 ἄστολος
767 2080 866 2139 ἰδέσθαι

274 2192 286 2219 ι
302 2154 381 2235 οἶκος·
393 2165 439 2224 ὁδ’
453 2156 487 2225 αδ
498 2168 598 2246 λῷστος
614 2165 719 2245 τάνέρος
728 2165 862 2246 ἐσχαρεὼν

233 2279 244 2305 ι
263 2252 355 2313 aiaton
370 2252 500 2332 φαίνοιτο,
512 2253 558 2311 καλ
570 2255 596 2311 ἐν
610 2253 737 2313 πολυκαέῖ
755 2255 826 2335 ὄγκῳ

270 2367 282 2391 ι
297 2339 309 2362 ”
318 2344 396 2420 ἐνστῇ
404 2385 412 2414 ,
427 2340 547 2420 αὐγάζων
558 2341 638 2402 δαλδν
649 2342 806 2422 ἔπεσχάριον
822 2369 845 2402 ν.

229 2423 308 2510 ᾜδει
317 2427 518 2508 Ἀριστοκράτης
528 2428 557 2487 τδ
574 2428 696 2509 κρήγυον·
709 2429 777 2488 ἀλλὰ
791 2434 938 2509 γυναικῶν,

177 2529 203 2569 ¹⁰
268 2515 399 2596 ὤνθρωπ’,
414 2517 538 2596 ἤχθαιρεν
554 2515 602 2588 τὴν
618 2515 832 2598 άλιταρροσάνην.

373 2671 439 2723 649.
462 2663 564 2722 ΑΝΠ
567 2663 617 2725 ΗΣ
642 2661 883 2722 metumtot.

16 2860 87 2903 affl!
106 2870 137 2901 ,Α
157 2872 180 2903 ὰ
228 2819 296 2880 Ἀντί
310 2841 349 2878 τοι
364 2817 483 2898 εὖλιχὲος
497 2818 617 2897 θαλάμου
636 2823 737 2895 σεμνῶν
751 2822 772 2878 θ’
787 2820 918 2898 ὑμεναίων

267 2906 356 2988 μάτηρ
368 2910 449 2978 στῆσε
460 2907 535 2988 τάριρ
548 2909 608 2986 τῷδ’
619 2906 663 2965 ἐπὶ
675 2910 832 2988 μορμαρίνῳ

227 2994 400 3076 παρθενικδιν,
419 2995 512 3074 μίτραν
522 3018 550 3053 τε
565 2993 622 3053 τεὸν
633 2996 678 3054 καὶ
693 2997 788 3064 κάλλος
801 2996 918 3077 ἔχοισαν,

267 3083 360 3163 Θερσί·
374 3081 550 3163 ποτιρθιγκτδι
565 3083 587 3142 δ’
602 3085 680 3143 ἔπλεο
689 3086 734 3143 καὶ
745 3088 868 3165 ρθιμένα.

348 3231 414 3281 666.
437 3222 629 3282 ΦΛΑΚΚΟΥ
642 3220 660 3294 i.
675 3224 889 3284 ΦΑΛΑῙΚΟΥ.

228 3363 318 3439 daupi
334 3360 465 3421 θαλάσσια
477 3359 556 3441 ἔργα,
573 3364 642 3437 βοῶν
656 3361 679 3420 δ’
696 3361 839 3423 άπιὸάλλευ
860 3362 968 3443 ἕχάτλη,

266 3445 291 3506 εἴ
302 3446 328 3506 τά
338 3469 378 3506 τοι
389 3447 437 3518 ἡδὺ
456 3452 560 3530 μακρῆς
574 3448 676 3527 πείρατ’
689 3449 751 3507 ἰδεῖν
765 3455 862 3530 βιοτῆς·

226 3534 327 3618 ἠπείρῳ
339 3536 389 3615 γδιρ
401 3534 484 3595 ἔνεστι
494 3536 594 3617 μακρδς
610 3537 673 3615 βίος·
686 3540 722 3596 εἶν
735 3539 778 3596 ἁλὶ
792 3541 815 3597 δ’
824 3537 854 3597 οὔ
872 3563 928 3607 πως

266 3623 376 3703 εὔμαρλς
391 3625 426 3691 εἷς
439 3622 533 3694 πολιὴν
544 3624 634 3703 ἀνδρὸς
649 3627 711 3683 ἰδεῖν
726 3626 852 3705 κεφαλήν.

535 3820 594 3874 646.
613 3835 708 3867 aarum.

227 3944 283 3990 Haec
292 3942 365 3989 Erato
374 3939 497 4006 complexa
510 3949 603 4007 patrem
615 3941 681 3991 dedit
694 3941 778 3992 ultima
790 3943 881 4007 νοιδο,

258 4027 369 4089 Dumque
378 4022 468 4086 dabat,
484 4023 593 4090 lacrymis
604 4025 760 4092 permaduere
772 4042 838 4091 genae
850 4042 857 4078 ε

181 4136 183 4145 1
225 4111 281 4161 Nou
295 4107 359 4158 ultra
374 4107 418 4157 tibi
433 4123 495 4172 suan,
506 4107 616 4172 genitor:
631 4124 683 4158 mea
694 4109 783 4159 lumina
796 4109 888 4175 (sensi)

258 4189 350 4256 Frigida
362 4205 426 4240 mom
439 4189 519 4240 anima
528 4189 578 4254 jam
591 4188 695 4253 fugiente
709 4192 775 4258 tegit.

338 4317 396 4377 647.
415 4331 556 4377 amoenae,
571 4322 598 4363 nt
612 4311 665 4363 aliis
688 4325 777 4394 piacet,
791 4332 896 4366 sinu.

224 4432 345 4498 Languida
357 4442 466 4483 auatarno
478 4433 627 4484 circumdans
636 4433 735 4484 brachia
747 4434 824 4494 coilo,

259 4519 314 4566 Haeo
322 4518 402 4580 Gorgo
413 4516 546 4583 lacrymans
556 4518 630 4567 verba
641 4533 751 4585 suprema
761 4518 834 4569 dabat

225 4600 286 4646 Cum
295 4596 404 4661 genitore
416 4613 503 4659 mane;
517 4598 610 4648 felicior
621 4600 695 4649 altera
706 4601 785 4666 proies

257 4678 293 4728 Sit
307 4677 351 4728 tibi
363 4693 430 4741 mox,
440 4676 528 4728 habeas
542 4680 605 4730 unde
618 4682 727 4730 levamen
738 4697 806 4732 anns.

440 4804 499 4859 648.
517 4820 632 4853 annuant
648 4821 792 4855 τνπιιιτναι.

225 4930 319 4982 Dicitur
332 4929 383 4981 heo
396 4940 493 4995 tangens
505 4945 593 4996 agrum
605 4940 676 4996 eaput
686 4946 736 4979 esse
746 4931 852 4994 locutus,

258 5016 318 5067 Cum
327 5012 404 5064 bonus
418 5013 448 5063 ad
459 5028 541 5063 manes
555 5013 602 5063 iret
614 5012 775 5063 Aristocrates
789 5031 795 5064 :

225 5095 337 5161 Quisquis
351 5111 389 5154 es,
404 5111 503 5145 uxorem
515 5096 593 5163 pretio
605 5095 649 5145 tibi
660 5111 753 5161 quere,
764 5110 883 5162 genusque

260 5183 372 5236 Ρτοιετο,
386 5178 417 5228 sit
429 5178 537 5245 quamvis
549 5195 586 5229 ros
598 5178 642 5229 tibi
652 5193 725 5244 pansa
735 5177 808 5229 domi.

910 901 1014 981 [λύπτει
1093 927 1105 951 ι
1119 909 1170 973 μοι
1185 908 1314 959 exstincta
1326 908 1460 958 eendeum
1471 921 1546 959 mors.
1560 929 1571 952 ι»

1230 1058 1284 1104 ott.
1301 1055 1462 1104 SIMONIDIS
1476 1057 1520 1104 aut
1535 1055 1666 1104 SIMMIAE.

1061 1193 1198 1244 Novissima
1208 1194 1308 1257 quidem
1321 1195 1376 1245 hae
1386 1194 1448 1245 dixit
1458 1207 1522 1245 oasa
1536 1195 1610 1246 matii
1620 1198 1699 1259 Gorgo

1091 1282 1306 1333 laetatis-suffusa
1316 1322 1323 1346 ,
1334 1282 1396 1334 eollo
1411 1283 1468 1346 ejus
1479 1282 1594 1333 manibus
1607 1282 1730 1333 inherens
1741 1304 1747 1333 ι

1065 1392 1075 1415 ι
1092 1373 1139 1421 Hto
1147 1384 1247 1421 maneas
1255 1371 1322 1435 apud
1335 1375 1444 1435 patrem,
1458 1372 1587 1436 pariatque
1597 1371 1696 1422 meliore
1707 1372 1757 1421 sato

1094 1480 1105 1503 ι
1122 1460 1195 1510 aliaan
1207 1499 1213 1521 ,
1226 1463 1278 1510 tuae
1292 1473 1360 1510 oute
1374 1464 1478 1511 museto
1495 1463 1720 1524 quae-ouramagat.
1736 1482 1747 1503 υ

1241 1608 1295 1654 648.
1308 1607 1455 1654 LEONiDAE
1475 1606 1654 1656 tantumn

1060 1745 1144 1793 Βοουο
1154 1743 1313 1794 Aristocrates
1325 1782 1331 1805 ‚
1341 1744 1439 1806 quando
1450 1744 1602 1794 evehebatur
1618 1744 1650 1794 ad
1665 1743 1845 1807 Acherontem,

1098 1831 1160 1882 dixit
1172 1831 1486 1896 brevetempnsvieturnm
1498 1834 1600 1896 tangens
1615 1835 1689 1896 caput
1704 1847 1709 1875 :

1062 1940 1074 1964 a
1093 1919 1284 1984 Progenieiquis
1293 1920 1445 1979 meminerit,
1455 1922 1481 1970 et
1494 1920 1754 1981 doteematuxorem,

1091 2008 1165 2058 etiam
1179 2008 1199 2057 si
1215 2021 1274 2058 eum
1285 2007 1396 2058 mordeat
1406 2009 1593 2072 angreviotitans
1607 2013 1746 2073 paupertas.

1060 2096 1142 2146 Vitam
1154 2096 1381 2156 oolumnistulciat3
1392 2097 1456 2147 mala
1466 2097 1530 2146 enim
1538 2096 1595 2147 visu
1607 2097 1781 2148 siue-oolumna

1092 2183 1181 2234 domus
1196 2184 1297 2235 :eontra
1310 2187 1394 2234 autem
1407 2184 1516 2247 optimus
1527 2184 1574 2233 viri
1587 2186 1657 2234 focus
1711 2185 1844 2250 [altorum

1060 2274 1350 2326 bonis-tuttus-colusnnis
1366 2279 1489 2340 appareat,
1506 2280 1531 2327 et
1549 2276 1573 2326 in
1590 2278 1760 2328 multa-urente
1776 2278 1844 2327 tastu

1091 2366 1104 2391 *
1116 2370 1172 2427 tpse
1181 2366 1353 2415 manneus-sit
1361 2365 1544 2416 lucere-saoiens
1553 2379 1639 2416 unum
1650 2365 1760 2416 titionem
1768 2364 1823 2414 soci.
1830 2386 1842 2407 ι

1059 2455 1167 2504 Noverat
1179 2453 1338 2503 Aristocrates
1351 2467 1453 2513 veruna,
1464 2454 1508 2504 sed
1519 2454 1658 2514 mulierum.

1090 2541 1206 2602 onoma,
1218 2541 1304 2592 oderat
1317 2546 1581 2604 perversam-mentem.

1284 2687 1337 2734 ote.
1354 2686 1468 2734 ANYTAE
1484 2684 1615 2734 LYRiCAE.

1059 2827 1106 2875 Pro
1121 2824 1185 2876 telioi
1193 2823 1300 2874 thalamo
1311 2823 1479 2888 nobilibusque
1489 2824 1623 2889 hymenaeis

1089 2916 1168 2963 mater
1180 2913 1256 2963 etexit
1265 2913 1361 2963 tumulo
1370 2911 1417 2962 hoe
1428 2926 1501 2977 super
1509 2926 1647 2964 marmoreo

1058 3001 1188 3065 viginem,
1203 3003 1372 3062 statutamque
1385 3003 1453 3049 tumn
1466 3002 1491 3048 et
1506 2998 1610 3048 formam
1623 2999 1775 3063 qnae-habet,

1088 3087 1174 3139 mersi
1182 3084 1636 3151 3etquamalloquipossimnstaotaes
1647 3087 1722 3137 ettam
1731 3090 1834 3139 mortua.

1241 3232 1287 3276 650
1308 3227 1419 3276 Fuscus
1433 3228 1478 3274 aut
1498 3226 1652 3276 PHALAECI.

1057 3369 1123 3431 Fuge
1132 3365 1252 3418 maritima
1266 3379 1355 3431 opera,
1369 3365 1414 3416 sed
1422 3365 1499 3417 bourn
1508 3363 1688 3426 manuminjice
1697 3364 1776 3425 stiae,

1087 3455 1109 3505 si
1123 3455 1184 3518 quid
1196 3455 1241 3506 tihi
1253 3455 1326 3505 dulce
1334 3456 1413 3519 longae
1424 3453 1497 3505 finem
1511 3454 1594 3504 videre
1603 3452 1674 3514 νίαυς

1055 3544 1274 3596 eminenti-terrae
1288 3545 1353 3595 enim
1369 3544 1434 3594 inest.
1445 3543 1517 3607 ionga
1531 3542 1597 3603 vita3
1608 3542 1632 3592 in
1644 3542 1706 3592 mari
1719 3554 1777 3591 vero
1790 3555 1839 3591 non

1087 3635 1159 3685 tacite
1168 3638 1205 3685 est
1220 3648 1307 3685 eanum
1316 3635 1360 3684 nint
1372 3634 1481 3698 aspicere
1492 3634 1575 3697 eaput.
1684 3629 1839 3696 [ullo-modo

1053 3822 1142 3874 Fuleiri
1152 3839 1178 3873 se
1190 3822 1239 3872 nita
1250 3822 1317 3888 cupit
1331 3838 1337 3871 z
1348 3821 1433 3872 domus
1444 3820 1535 3887 absque
1547 3818 1665 3869 coiumnis

1087 3908 1143 3955 Non
1152 3904 1233 3965 bona;
1247 3904 1284 3954 siu
1296 3903 1357 3953 adsit
1371 3904 1440 3969 copia
1451 3902 1518 3952 dives
1529 3918 1612 3969 opum,

1054 3992 1110 4040 Haec
1121 3988 1177 4056 pilis
1185 3987 1292 4038 ornanda
1302 3987 1382 4050 venit,
1396 3987 1516 4053 debetque
1527 3985 1630 4053 superba

1086 4075 1123 4121 De
1134 4080 1200 4121 strue
1212 4068 1250 4119 tax
1261 4078 1324 4120 totos
1335 4069 1452 4119 irradiare
1464 4069 1535 4118 lanes.

1053 4154 1130 4204 Norat
1141 4153 1299 4203 Aristocraten
1312 4151 1370 4218 quid
1384 4149 1465 4217 fasque
1476 4149 1614 4215 bonumque
1627 4161 1634 4197 ι
1646 4147 1689 4196 'aad
1702 4146 1737 4196 itti

1088 4240 1185 4287 Fecerat
1195 4251 1298 4287 uxorum
1310 4251 1377 4285 mens
1388 4236 1503 4286 sceterata
1513 4243 1614 4283 metum.

1360 4348 1418 4409 649.
1438 4360 1535 4394 ιιιττνι.

1054 4461 1122 4507 Hane
1132 4456 1179 4507 tibi
1193 4473 1236 4523 pro
1245 4455 1352 4509 thalamo
1364 4465 1441 4505 mater
1453 4454 1484 4503 de
1493 4468 1613 4503 marmore
1621 4453 1695 4502 donat

1087 4540 1224 4607 impositam
1236 4540 1306 4589 bnsto
1318 4538 1414 4603 virginis
1426 4536 1539 4602 effigiem,

1053 4627 1113 4688 Qua:
1123 4633 1147 4674 te
1159 4633 1209 4674 tota
1219 4623 1307 4681 retent,
1316 4623 1443 4688 qualisque
1456 4630 1481 4670 et
1493 4629 1582 4686 quantu
1595 4618 1659 4668 fuisti
1674 4633 1685 4677 :⁴

1087 4706 1162 4771 Digna
1174 4705 1272 4755 satutari
1286 4711 1394 4761 mortua,
1411 4701 1509 4765 Therai,
1521 4717 1617 4768 quoque
1628 4715 1661 4749 es.

1267 4824 1324 4872 dio.
1341 4839 1425 4872 enteca
1440 4820 1481 4871 uel
1493 4836 1613 4870 nasama.

1052 4930 1144 4981 Suadeo
1154 4929 1232 4980 bubus
1243 4946 1295 4981 ates
1307 4941 1411 4993 terram,
1424 4947 1472 4980 non
1483 4930 1583 4980 navibus
1596 4943 1688 4994 aequor,

1085 5014 1109 5065 Si
1118 5014 1164 5065 tibi
1175 5015 1292 5081 longaevos
1303 5015 1373 5065 dulae
1384 5014 1466 5065 uidere
1475 5014 1533 5064 dies.

1052 5100 1080 5146 In
1090 5097 1161 5148 terris
1172 5099 1243 5149 datur
1251 5113 1302 5149 esse
1315 5096 1356 5147 diu
1369 5114 1376 5149 τ
1387 5095 1430 5162 qui
1440 5111 1483 5162 per
1494 5111 1560 5146 mare
1574 5101 1676 5145 marrunt

1083 5182 1140 5230 Iton
1151 5178 1266 5232 iaeileem
1275 5195 1335 5231 cano
1344 5193 1443 5230 nemeae
1453 5194 1508 5229 eum
1521 5176 1609 5245 eapite.
