4020 5946
224 400 284 471 280
780 398 1035 462 ANTHOLOGIAE
1056 398 1258 460 PALATINAE

486 535 529 585 ³0.
544 538 602 582 Tot·
614 537 721 583 liuor.

220 657 328 737 Τόμόος
347 659 576 738 Ἂνακρείοντος·δ
593 661 674 732 'l'u'sioc³
686 661 775 720 ἐνθάδε
788 658 880 729 κόκνος

261 744 347 816 εὕδει,
357 748 394 825 χή
404 745 504 804 παίδων
518 745 652 825 ζωροτάτη
666 746 757 823 μανίη.

221 830 320 908 Ἀκμὴν
332 832 439 911 λειριόεν
453 856 479 891 τι
498 833 630 908 μελίζεται
643 835 710 913 ἀμφὶ
720 834 863 915 Βαθύλλω·

260 917 347 997 ἧρίμα
359 918 405 978 καί
418 925 510 979 κισσοῦ
525 920 616 986 λευκδς
629 921 709 980 όδωδε
725 923 803 989 λίθος.

1333 543 1373 589 30.
1397 548 1543 590 musonii.

1042 672 1200 724 Anacreontis
1210 673 1350 736 sepulcrum
1362 671 1411 723 hoc
1426 674 1461 723 eat
1472 688 1481 722 .·
1493 675 1568 723 Peius
1584 673 1624 722 hic
1637 687 1729 737 cygnus

1073 759 1179 819 dormit,
1190 762 1215 811 et
1223 759 1353 825 tsi-pueros
1365 759 1530 810 meracissima
1543 760 1644 811 insania.

1041 847 1202 909 Nunc-ipsum
1212 847 1325 897 floridum
1337 847 1456 911 quiddam
1466 846 1607 897 modulatur
1619 847 1649 897 de
1663 847 1791 910 Bathyllo,

1074 936 1178 985 tortasse
1189 937 1214 985 et
1225 933 1342 990 hederam
1354 935 1425 986 albus
1436 935 1486 986 olet
1498 934 1569 999 lapis.

221 1005 287 1065 Οὐδ’
308 1005 393 1078 Ἀίδης
408 1030 448 1066 σοι
462 1007 561 1086 ίρωτας
578 1008 743 1081 ἀπίσόεσεν,
764 1013 791 1068 ἐν
808 1012 831 1068 δ’
851 1008 998 1089 Ἀχίροντος
1042 1023 1126 1085 Neque
1134 1024 1214 1072 Orous
1222 1022 1369 1074 tibiamores
1378 1022 1497 1084 exstinxit,
1508 1022 1734 1075 sedinAcherontis
1742 1023 1824 1075 deriso

259 1087 295 1150 du
310 1091 367 1159 ὅλος
381 1092 480 1160 ὠδίνεις
490 1093 607 1175 Κύπριδι
618 1096 772 1176 θερμοτίρῃ.

439 1236 487 1288 31.
514 1229 778 1289 ΔΙΟΣΚΟΡΙΔΟΥ.

990 1161 995 1170 ,
1073 1122 1174 1161 amsans
1186 1114 1256 1162 totus
1268 1110 1385 1161 cruciaris
1396 1111 1510 1161 calidiore
1523 1122 1620 1161 venere.

1297 1247 1336 1293 dl.
1355 1245 1563 1293 blosconth.

222 1356 339 1437 Σμερδίῃ
352 1346 375 1416 b
389 1356 432 1414 ίπλ
447 1357 535 1437 Θρῃκί
548 1359 633 1425 rottei<
646 1358 692 1417 καὶ
705 1358 748 1417 ἔπ’
765 1358 875 1438 ἔσχατον
895 1361 997 1432 ὄντῶν,
1042 1374 1184 1425 osmerdia
1200 1374 1232 1425 de
1244 1374 1338 1424 Thrace
1351 1374 1478 1425 tabescens
1489 1374 1528 1424 vel
1538 1374 1570 1424 ad
1582 1376 1717 1424 extremum
1730 1387 1774 1433 os,

261 1443 351 1519 κώμου
365 1442 410 1501 καί
424 1444 510 1515 πάσης
524 1444 629 1523 κοίρανε
642 1447 817 1525 παννυχίδος,

221 1529 377 1611 τερπνότατε
390 1531 528 1610 Μούσῃσιν
538 1531 690 1609 Ἂνάκρεσν,
705 1522 727 1591 d
740 1532 777 1591 ’ut
791 1533 918 1612 Βαθύλλω

260 1618 362 1699 χλωρδν
377 1618 443 1697 ὑπὲρ
456 1618 568 1677 κυλίκων
584 1619 697 1679 πολλάκι
712 1620 793 1698 δάκρυ
805 1622 885 1700 χέας,

183 1722 196 1763 ο
222 1704 370 1783 αὗτόματαί
382 1728 422 1763 τοι
433 1710 527 1785 κρῆναι
545 1706 712 1774 ἀναόλόζοιιν
725 1705 855 1784 ἀκρήτου,

260 1796 312 1865 κήκ
331 1793 455 1872 μακάρων
471 1794 584 1872 προχοαί
596 1794 720 1871 νέκταρος
735 1793 895 1872 ἇμόροσίου·

220 1879 361 1957 αδτόματοι
374 1878 401 1939 dd
415 1879 522 1961 edpocru¹
531 1880 586 1950 ἴον,
601 1877 630 1937 τδ
640 1878 795 1959 ριλίσπερον
809 1880 896 1948 ἄνθος,

259 1971 354 2040 κῆποι,
366 1966 411 2026 καί
425 1971 532 2045 μαλακῇ
545 1967 630 2044 μύρτα
644 1966 763 2048 τρίρσιτο
778 1967 876 2046 δρόσῳ·

219 2054 285 2137 όρρα
301 2055 346 2114 καί
360 2057 387 2113 ἐν
402 2059 485 2128 Δηοῦς
499 2052 636 2129 σίνωμίνος
648 2053 717 2135 dipl
729 2055 877 2134 χορεόσῃς,

170 2153 195 2194 1⁰
261 2142 397 2219 βιόληκδις
414 2145 528 2223 χρυσέην
544 2150 634 2221 χεῖρας
649 2145 690 2201 ἐπ’
706 2142 874 2223 Εὖρυπύλην.

458 2283 504 2333 32.
534 2274 753 2334 ΙΟΥΑΙΑΝΟΥ.

220 2401 339 2464 Πολλάκι
354 2403 401 2481 μὲν
418 2404 471 2461 τόδ’
484 2403 578 2481 άεισα,
591 2405 636 2462 καὶ
653 2406 681 2462 du
692 2402 794 2479 τόμόου
807 2401 834 2462 δδ
850 2403 955 2482 βοάσω·

258 2519 270 2543 ι
293 2491 403 2564 Πίνετε,
417 2491 478 2570 πρὶν
493 2492 591 2561 ταύτην
606 2491 792 2572 άμφιόάλησθε
804 2491 883 2551 κόνιν.
897 2516 909 2544 ι

466 2627 509 2678 33.
533 2630 592 2675 ΤΟΥ
609 2630 716 2677 ΑΥΤΟΥ.

218 2757 245 2795 α.
257 2732 424 2795 Πολλαπιιδν
433 2735 720 2815 τίδνηκας,Ἀνάκρεον.
731 2734 841 2814 β.Ἀλλδι
849 2734 992 2816 τρυφήσας·

257 2821 300 2878 καλ
315 2820 346 2881 ob
361 2820 388 2879 dd
400 2822 438 2898 μὴ
450 2820 530 2881 πίνων
544 2822 613 2892 ἵξεαι
627 2827 664 2888 εἰς
679 2818 776 2896 Ἀίδην.

337 2963 385 3014 34.
409 2957 654 3016 ΑΝΤΙΠΑΤΡΟΥ
676 2957 870 3017 ΣΙΔΩΝΙΟΥ.

218 3079 344 3159 Πιερικδιν
362 3080 511 3159 σάλπιγγα,
522 3081 566 3141 τδν
581 3081 694 3161 εὗαγίων
710 3081 791 3162 βαρὺν
805 3082 893 3159 ὕμνων

256 3168 419 3248 χαλκιυτδιν,
434 3171 541 3249 κατέχει
559 3170 689 3249 Πίνδαρον
706 3172 751 3229 ἅδε
768 3171 852 3245 κόνις,

215 3247 245 3313 οὗ
256 3255 333 3333 μίλος
344 3254 447 3316 εἰσαΐων
459 3236 579 3339 ρδίγίαίό
594 3281 655 3331 κεν,
672 3258 707 3324 ὥς
721 3281 784 3317 ποτε
800 3263 912 3318 Μουσῶν

254 3345 280 3402 ἕν
295 3345 406 3422 Κάδμου
421 3345 546 3424 θαλάμοις
561 3350 658 3419 σμῆνος
672 3346 849 3408 corridente.

462 3485 509 3536 35.
533 3475 739 3536 nundinor.

214 3607 336 3687 Ἄρμενος
347 3593 380 3677 ἦν
391 3606 509 3675 ξείνοισιν
522 3604 586 3686 ἀνὴρ
595 3605 637 3664 ὅδε
649 3609 693 3665 καὶ
708 3606 781 3686 φίλος
795 3607 899 3679 ἀστοῖς,

254 3695 400 3774 Πίνδαρος,
415 3693 534 3774 εὐριίινων
546 3693 675 3772 Πιερίδων
690 3694 831 3773 πρόπολος.

508 3931 548 3976 so.
564 3944 682 3982 uusoru,

652 3996 664 4018 Ο

534 4065 564 4115 de
577 4064 667 4117 eodem.

212 4189 299 4235 Tectur
313 4182 449 4234 Anacreion
460 4182 532 4233 cubat
544 4182 590 4232 hoc
598 4182 642 4231 sub
653 4197 788 4243 marmore,
804 4198 892 4250 cycnus

244 4268 331 4329 Teius,
342 4266 368 4316 in
377 4264 463 4332 puerds
475 4265 591 4315 maximus
604 4274 660 4314 ante
669 4263 743 4315 furor.

213 4351 297 4401 Canut
309 4346 386 4398 adhuc
398 4347 489 4414 aliquid
500 4348 531 4398 de
544 4346 645 4413 pulchro
656 4346 725 4397 dulce
738 4345 865 4415 Bathyllo;

243 4430 324 4498 Spirat
337 4428 414 4480 adhuc
425 4428 536 4479 hederam
549 4429 662 4479 candidus
673 4429 717 4478 iste
730 4429 807 4495 lapis:

978 2850 983 2859 '
1071 2862 1096 2910 ct
1106 2862 1135 2911 ιυ
1146 2874 1195 2911 non
1209 2864 1297 2925 potans
1307 2860 1354 2911 ibis
1363 2860 1388 2910 in
1401 2865 1500 2912 orcum.

1073 1462 1165 1512 tutasti
1179 1466 1204 1513 et
1216 1463 1292 1514 totius
1306 1462 1404 1513 domine
1416 1461 1549 1526 pervigilii,

1039 1548 1216 1612 jucundissime
1227 1550 1302 1600 Musis
1315 1554 1438 1599 Anacreon
1447 1562 1479 1610 ‚o
1492 1548 1524 1599 de
1535 1547 1646 1611 Bathyllo

1072 1642 1184 1701 vegetam
1194 1639 1293 1703 poculis
1309 1653 1375 1703 saepe
1386 1638 1512 1690 lacrimam
1523 1639 1656 1699 instillans,

1041 1731 1126 1790 sporrte
1138 1727 1183 1779 tibi
1195 1728 1275 1779 tontes
1283 1728 1400 1779 ebulliam
1409 1740 1521 1788 merum,

1072 1816 1096 1864 et
1110 1827 1125 1864 a
1140 1814 1220 1865 beatis
1234 1814 1284 1865 dtis
1297 1815 1389 1865 ltuenta
1398 1814 1505 1865 neumis
1514 1813 1645 1873 ambrosii,

1044 1902 1178 1963 sponteque
1191 1901 1269 1951 ierant
1278 1901 1381 1963 violam,
1394 1899 1561 1964 vespertinum
1573 1899 1671 1961 liorem,

1070 1986 1149 2048 horti,
1163 1990 1188 2038 et
1199 1990 1283 2039 tenero
1291 1991 1370 2051 myrta
1382 1987 1521 2038 nutriantur
1533 2001 1603 2038 rore:

1041 2076 1070 2124 nt
1081 2074 1154 2126 eham
1163 2074 1188 2124 in
1198 2076 1292 2127 cereris
1301 2074 1364 2126 rede
1375 2079 1450 2139 potus
1458 2074 1563 2126 molliter
1574 2074 1663 2133 saltas,

1071 2162 1232 2232 drounijectis
1246 2162 1358 2213 manibus
1371 2175 1452 2213 aurem
1463 2161 1601 2226 Eurypylae.

1333 2286 1373 2332 32.
1395 2282 1524 2331 JULIANl.

1040 2413 1111 2474 sape
1123 2409 1269 2473 hoeoeeiui,
1285 2413 1311 2461 ct
1322 2425 1350 2462 ex
1363 2412 1476 2474 saputem
1487 2412 1617 2462 clamabo:

1057 2518 1085 2542 -ι
1101 2497 1189 2560 Bibite,
1198 2497 1342 2562 prinsquam
1359 2498 1421 2548 hanc
1432 2497 1539 2548 hndnatis
1552 2498 1687 2561 puluerem.
1700 2519 1712 2542 υ
1776 2495 1778 2499 ’

1332 2637 1371 2685 33.
1394 2645 1544 2688 musonii.

1040 2784 1066 2821 α.
1084 2772 1191 2823 hiultum
1202 2773 1434 2837 postquam-nutui,
1441 2773 1531 2838 obiisti,
1542 2778 1674 2825 Anacreon.
1686 2774 1710 2824 b.
1722 2772 1769 2823 Sed
1780 2774 1819 2822 in·

1698 2860 1800 2927 [deliciis
1809 2879 1818 2924 ς

1244 2987 1283 3032 34.
1302 2984 1468 3033 ANTlPATltl
1483 2985 1609 3033 sibenin

1040 3102 1142 3154 Pieriam
1155 3102 1254 3165 tubam,
1270 3106 1410 3154 sanctorum
1421 3117 1520 3167 gravem
1531 3102 1678 3165 hymnorum

1070 3191 1180 3253 labrum,
1194 3190 1328 3240 Pindarum
1343 3191 1440 3242 cohibet
1451 3190 1507 3241 hmc
1518 3191 1611 3254 putris,

1039 3278 1111 3343 cuius
1126 3291 1223 3329 carmen
1236 3277 1370 3329 exaudiens
1386 3278 1467 3339 dicas,
1481 3278 1541 3328 olim
1553 3280 1679 3327 Musarum

1069 3379 1172 3416 examen
1185 3365 1211 3416 in
1226 3365 1312 3416 Cadmi
1323 3364 1436 3416 thalamis
1450 3364 1478 3415 td
1494 3364 1600 3415 tinxisse.

1322 3499 1360 3546 ³5.
1376 3497 1530 3545 LEONIDAE.

1040 3628 1121 3691 aptus
1132 3628 1185 3678 erat
1193 3624 1331 3691 hospitibus
1343 3625 1384 3675 hic
1393 3625 1440 3688 vir,
1453 3628 1479 3676 et
1491 3625 1585 3675 amicus
1599 3623 1709 3683 civibus.
1802 3614 1813 3627 ⁵

1072 3713 1205 3775 Pindarus,
1215 3712 1337 3763 vocalium
1352 3710 1477 3763 Pieridum
1490 3711 1607 3762 ninister.

1332 3914 1374 3963 33.
1392 3908 1527 3962 Dseodem.

1039 4049 1117 4099 Multa
1125 4047 1211 4099 bibens
1222 4047 1342 4099 occumbis
1354 4050 1480 4097 Anacreon
1495 4061 1502 4095 τ
1516 4044 1561 4094 ibis
1571 4045 1595 4094 in
1609 4049 1699 4096 Oreum

1069 4134 1104 4181 Tu
1114 4148 1209 4198 quoque
1222 4132 1300 4182 mollis
1315 4129 1402 4193 homo,
1410 4129 1450 4179 cui
1462 4128 1574 4179 laborent
1585 4127 1680 4179 hibere.

1268 4270 1309 4323 St.
1329 4280 1464 4314 ιιιπιιιτιι
1481 4279 1583 4324 armari,

1347 4371 1377 4421 de
1387 4371 1502 4421 Pindaro.

212 4516 263 4564 ricc
275 4512 331 4561 dnm
342 4512 471 4561 exstinctus
481 4527 549 4561 amor
561 4510 609 4561 lato
623 4520 666 4560 est.
687 4564 689 4568 ,
702 4509 839 4560 Acheronte
851 4507 897 4558 sub
908 4507 957 4557 inno
1037 4492 1151 4543 Pifldflllss
1165 4491 1285 4542 Midum
1298 4489 1390 4540 ¹⁰⁰¹¹¹¹⁰
1400 4490 1458 4539 ¹¹¹bi¹
1472 4489 1584 4538 0⁰¹¹di¹¹¹f
1596 4488 1651 4550 ἰςί(ιι

244 4597 318 4643 Torua
335 4607 374 4654 es,
384 4601 409 4641 et
420 4591 496 4640 calida
509 4592 577 4640 lautus
589 4608 615 4640 cs
627 4608 639 4640 a
654 4596 759 4640 Venere.

444 4734 484 4780 32.
503 4747 600 4778 ιυιιιιιι
617 4746 740 4789 murrii,

345 4888 473 4939 exgenere
490 4871 663 4937 Proesectorum
675 4867 858 4936 Augustalium,

532 4966 562 5018 de
573 4966 666 5017 eodem.

212 5115 303 5163 llortor
314 5117 338 5160 et
351 5125 380 5159 ex
389 5107 496 5168 tumulo,
508 5106 584 5157 cecini
594 5107 657 5172 quod
669 5121 739 5171 sepe,
752 5101 855 5153 bibatis!

245 5197 309 5243 Dum
323 5191 429 5242 nondum
443 5190 498 5239 talis
511 5205 553 5238 νοτ
567 5204 661 5255 quoque
674 5187 743 5237 νωιίι
753 5184 850 5234 hunam.

1070 4577 1218 4626 Grandisonu
1231 4574 1292 4623 sacri
1303 4572 1416 4623 carminis
1424 4582 1475 4621 arte
1488 4570 1564 4620 saber.

1037 4664 1097 4724 Quae
1105 4660 1169 4709 canit
1177 4658 1294 4713 audieris,
1308 4657 1371 4705 dices
1381 4655 1471 4704 misisse
1480 4657 1616 4710 Csmoenas.
1689 4656 1700 4702 ’.

1070 4746 1099 4791 Ιιι
1110 4740 1193 4792 Cadmi
1205 4737 1316 4791 thalamis
1326 4753 1379 4803 quae
1389 4736 1549 4797 stabulentur,
1560 4752 1625 4801 apes.

1334 4862 1373 4910 35.
1392 4876 1519 4926 morrona,

1359 4980 1390 5030 de
1401 4980 1492 5031 eodem.

1038 5098 1178 5166 Hospitibus
1192 5097 1283 5159 facilis,
1300 5114 1368 5147 carus
1381 5096 1536 5164 popularibus
1554 5094 1633 5157 idem,

1071 5183 1197 5241 Pindarus,
1213 5182 1334 5232 Aonidum
1347 5182 1444 5232 deutera
1458 5181 1503 5230 lida
1517 5178 1571 5230 luit.
