4020 5946
639 368 763 429 CAPUT
783 368 847 428 vlt.
871 368 1149 432 EPIGRAMMATA
1172 370 1445 431 SEPULCRALtA.

274 504 310 581 μὴ
327 501 434 581 σπέρμα
449 504 550 582 πυρῶν,
564 500 631 560 titt
645 506 707 581 χεῦε
722 499 834 580 δάκρυα.

454 652 522 704 281.
545 645 799 704 ΗΡΑΚΛΕΙΔΟΥ.

273 782 390 864 Ἆπιοχ’,
404 783 503 863 ἄπισχε
517 792 620 865 χεῖρας,
630 775 652 843 ὦ
664 783 794 866 γεωπόνε,

274 872 336 948 μηδ’
350 872 498 953 ἀμφίταμνε
509 875 556 932 τὰν
568 876 594 931 ἐν
611 874 678 954 ἠρέῳ
689 872 772 937 κόνιν.

276 960 351 1022 Atei
364 963 508 1021 attinuerit
521 964 656 1042 βῶλος·έκ
667 960 881 1039 κεκλαυμέναςθ

275 1050 346 1110 οὗτοι
359 1050 477 1129 κομάτας
489 1050 682 1123 άναθαλήσεται
694 1050 803 1131 στάχυς.

456 1201 524 1253 282.
548 1192 800 1252 ΘΕΟΔΩΡΙΔΟΥ.

236 1336 361 1412 Ναυηγοῦ
372 1332 453 1413 τάφος
467 1333 537 1408 sipi·
549 1331 580 1390 σθ
593 1331 620 1391 δέ
632 1332 710 1391 πλέα·
722 1334 767 1390 καὶ
778 1333 828 1410 γάρ
839 1330 877 1390 ὅθ’
887 1332 965 1409 ἡμεῖς’

275 1422 416 1500 bitume,
427 1424 454 1480 ati
465 1421 555 1481 λοιπαὶ
570 1425 629 1494 νῆες
643 1423 840 1502 έποντοπόρουν.

482 1574 548 1625 28³.
569 1565 774 1625 ΛΕΩΝΙΔΟΥ.

238 1707 390 1785 Τετρηχυῖα
402 1704 541 1776 θάλασσα,
553 1702 578 1763 τό
593 1707 622 1780 μ’
635 1707 681 1764 οὐκ
694 1702 783 1784 οἰζυρόι
797 1707 913 1762 παθόντα

274 1793 366 1866 τηλόσ*
378 1793 430 1851 ἀπὸ
443 1796 521 1873 ψιλῆς
534 1790 649 1859 ἔπτυσοις
660 1791 759 1865 ἠῐόνοςς

236 1883 272 1948 ὥς
283 1886 328 1940 σεῦ
341 1881 403 1955 μηδ’
413 1879 501 1941 Ἀΐδαο
512 1878 598 1950 κακὴν
612 1879 757 1956 ἐπιειμένος
773 1878 855 1958 ἀχλθν

276 1968 379 2036 Φυλεὺς
390 1968 416 2029 Ἀ
421 1967 563 2049 μφιμένευς
574 1959 654 2027 ἆσσον
669 1969 816 2045 ἕχειτόνεον.

443 2120 512 2171 284.
535 2111 822 2171 ΑΣΚΛΗΙῙΙΑΔΟΥ.

237 2252 328 2314 Ὀκτόι
344 2275 393 2331 μευ
406 2252 502 2331 πήχεις
516 2253 599 2330 άπεχε
610 2295 619 2328 ,
632 2252 743 2331 τρηχεῖα
755 2251 891 2327 θάλασσα,

277 2341 323 2402 καλ
337 2343 460 2418 κύμαινε,
476 2340 525 2419 βόα
536 2339 561 2398 θ’
572 2339 650 2410 ἡλίκα
665 2363 707 2398 σοι
723 2339 849 2416 θόναριις·
925 2366 929 2373 ’

237 2429 270 2502 ἣν
284 2430 311 2490 δέ
325 2430 369 2489 τόν
386 2428 518 2507 Εὐμόρεω
531 2428 642 2506 καθελῃς
655 2427 751 2506 τάφον,
767 2427 832 2485 ἄλλο
847 2425 894 2503 μὲν
908 2424 979 2485 οὐδὲν

278 2517 403 2599 κρήγυον,
418 2514 536 2597 εὑρήσεις
552 2516 574 2573 δ’
589 2512 667 2573 ὀστέα
680 2513 725 2572 καὶ
740 2514 862 2585 σποδιήν.

351 2669 418 2720 285.
440 2657 622 2718 ΓΛΑΥΚΟΥ
644 2656 918 2716 ΝΙΚΟΠΟΛΙἸὈΥ.

241 2802 281 2860 Oi
295 2800 364 2867 κόνις
373 2799 426 2858 οὐδ’
438 2799 525 2877 ὀλίγον
540 2797 637 2876 πάτρης
658 2796 752 2876 βάρος,
766 2798 825 2854 ἀλλ’
841 2795 1008 2875 Ἐρααίπκου

279 2889 312 2959 ἣν
324 2890 415 2968 ἐσορᾷς
430 2886 496 2958 αὕτη
512 2895 586 2945 πᾶσα
600 2886 721 2945 θάλασσα
734 2885 830 2962 τάφος·

239 2976 322 3037 ὤλετο
335 2976 386 3055 γάρ
402 2974 449 3035 σθν
463 2971 521 3048 νηΐ·
534 2975 566 3034 τά
582 2975 605 3033 δ’
618 2973 697 3034 ὀστέα
709 2979 759 3032 ποῦ
775 2975 834 3032 ποτ’
849 2972 948 3032 ἐκείνου

279 3065 407 3142 πύθεται,
424 3063 535 3130 αἰθυίαις
549 3061 653 3142 γνωστλ
670 3062 761 3139 μόναις
775 3061 885 3122 ένέπειν.

349 3221 416 3273 286.
439 3208 687 3270 ΑΝΤΙΠΑΤΡΟΥ
708 3208 924 3266 essentum.

241 3353 364 3433 Δόσμορε
377 3351 520 3432 Νικάνωρ,
535 3352 619 3431 πολιῷ
634 3348 828 3428 μεμαραμμένε
842 3349 946 3424 πόντῳ,

280 3450 367 3501 κεῖσαι
383 3439 415 3512 δὴ
429 3439 498 3519 {stup
512 3438 608 3515 γυμνὸς
619 3436 662 3495 ἐπ’
675 3436 759 3509 ἠϊόνι,

216 3592 220 3599 ,
246 3533 264 3606 ἢ
278 3531 310 3593 σθ
324 3555 353 3608 γε
370 3529 435 3612 πρός
448 3527 570 3608 πέτρῃσι·
584 3525 618 3586 sir
630 3527 652 3585 δ’
664 3523 743 3585 όλόια
758 3532 832 3584 κεῖνα
845 3525 965 3605 μέλαθρα

286 3623 389 3705 φροῦδ’,
406 3621 502 3701 obiri<
513 3618 562 3698 τε]
574 3616 677 3697 πάτρης
692 3616 765 3684 ἐλπὶς
779 3614 863 3676 ὄλωλε
874 3616 976 3695 Τύρου.

276 3788 333 3834 Huc
347 3793 411 3834 terra
422 3800 471 3834 non
484 3783 536 3833 uult
549 3784 652 3842 Cerere,
663 3782 703 3832 sed
714 3782 823 3848 lacrymis
834 3781 892 3833 seri.

521 3893 579 3941 αθι.
598 3906 750 3941 aureuma.

275 3984 314 4034 Ab
326 3982 371 4034 isac
384 3992 466 4034 arator
480 3983 573 4034 abstine
585 3991 650 4034 terra
663 3999 775 4046 monum,

275 4069 340 4127 Nec,
354 4081 414 4130 quos
424 4065 578 4131 sepulchrum
593 4065 675 4115 condit
688 4064 733 4115 boc
742 4101 750 4127 ,
760 4065 852 4114 cineres
863 4079 924 4114 seca.

277 4153 334 4198 Huc
346 4158 411 4198 terro
420 4148 479 4198 fletu
494 4149 586 4199 maduit
597 4165 604 4199 ι
615 4157 640 4198 at
649 4163 779 4213 numquam
794 4163 858 4211 seges

276 4235 312 4280 De
322 4231 452 4295 lacrymata
464 4231 558 4282 sustulit
575 4240 639 4279 terra
655 4245 759 4281 curnam.

510 4344 568 4392 28².
590 4356 760 4389 rsuononrnsr.

245 4435 318 4486 Mcrsi
331 4450 384 4485 sum
393 4433 517 4485 tumulus:
531 4450 603 4500 perge
613 4434 637 4483 in
650 4448 732 4482 utare:
747 4442 804 4481 tuuc
813 4446 909 4496 quoque
921 4445 976 4479 cum
985 4445 1029 4480 taos

276 4518 429 4579 occidimus,
441 4516 508 4567 natis
524 4518 598 4567 marite
614 4515 711 4566 tenebat
722 4514 778 4565 itcr.

537 4629 595 4678 stt.
611 4643 730 4676 ιιοιιιιιι.

242 4724 308 4789 Quin
321 4739 360 4773 me
374 4732 398 4772 te
410 4737 504 4789 pessum
516 4730 564 4771 tans
575 4737 634 4770 steca
647 4719 757 4780 itrrente,
770 4716 880 4765 tumebas

278 4807 380 4872 Longius
393 4821 407 4855 a
425 4804 491 4855 nudo
505 4804 598 4865 littore,
613 4802 681 4853 triste
695 4800 797 4858 iretnns,

245 4894 277 4941 Ut
289 4890 334 4941 tibi
348 4906 412 4941 nunc
424 4905 499 4940 essem
516 4888 607 4957 Stygias
620 4888 703 4937 indutu
718 4886 829 4936 tenebras

277 4972 444 5040 Amphimetsis
456 4972 562 5023 Phiileus
578 4969 663 5021 umbra
675 4966 916 5036 propinquantium?

520 5082 577 5138 att.
596 5093 756 5128 recurrunt.

246 5177 308 5226 Octo
320 5174 379 5225 mibi
390 5176 450 5226 dista
462 5189 550 5231 saturn
561 5188 644 5235 mare,
659 5180 683 5221 te
693 5183 790 5238 precor,
803 5166 886 5228 utrius,

1068 522 1099 559 ne
1112 522 1196 560 semen
1209 509 1322 574 frugum,
1333 510 1377 560 sed
1387 523 1473 574 sparge
1486 509 1567 561 fletus.

1326 655 1380 702 281.
1398 652 1595 700 HERACLIDAE.

1068 791 1182 851 Abstine,
1197 791 1292 841 abstine
1305 805 1407 852 manus,
1423 795 1537 853 oarator,

1068 890 1116 928 neu
1126 877 1306 929 circumscinde
1318 877 1385 928 bunc
1396 879 1421 928 in
1430 880 1527 929 tumulo
1539 880 1672 943 pulverem.

1070 972 1128 1033 ipsa
1136 969 1238 1034 perileta
1246 969 1581 1034 estgtebn3eperttetarer0
1625 988 1626 991 ¹

1069 1071 1188 1109 nonome
1199 1059 1296 1108 comata
1304 1058 1423 1108 evirescct
1436 1058 1510 1122 spica.

1314 1206 1368 1252 suc.
1386 1201 1609 1250 rusonomnrs.
1719 1263 1723 1269 ἡ

1068 1340 1182 1404 Nauirngi
1193 1340 1383 1398 tumulussumt
1393 1341 1420 1390 tu
1435 1352 1492 1389 reru
1506 1338 1607 1401 rsariga3
1624 1338 1714 1388 etenim
1723 1352 1802 1402 quum
1810 1352 1855 1389 nos

1101 1427 1254 1492 peribamus,
1269 1429 1358 1477 cetero
1372 1441 1447 1477 nares
1458 1424 1657 1476 maresccnbant.

1351 1575 1405 1621 283.
1419 1571 1575 1618 LEONiDAE.

1068 1713 1262 1762 Tumultuosum
1276 1725 1359 1773 mare,
1370 1725 1415 1760 cur
1424 1724 1463 1760 me
1472 1724 1521 1759 non
1530 1722 1669 1760 aerumnosa
1678 1723 1780 1773 passum

1099 1796 1254 1862 longinquius
1265 1812 1280 1847 a
1292 1797 1361 1847 nudo
1373 1796 1489 1860 exspuisti
1502 1797 1600 1847 littore?

1069 1890 1098 1938 ut
1109 1887 1155 1938 tibi
1167 1901 1199 1940 ne
1213 1887 1270 1937 Orci
1281 1885 1382 1950 quidem
1397 1886 1473 1936 malus
1486 1885 1590 1935 indutus
1604 1884 1716 1935 tenebras

1102 1975 1207 2039 Phyleus
1219 1975 1386 2040 Amphimenis
1394 1974 1494 2038 propius
1507 1972 1700 2024 essem-ricinus.

1321 2122 1375 2169 284.
1396 2119 1606 2167 tsctartsbffi.

1073 2260 1136 2308 Octo
1146 2271 1210 2308 ame
1221 2256 1430 2318 contremendo,
1440 2269 1555 2321 asperum
1568 2270 1648 2317 mare,

1104 2348 1130 2395 et
1144 2345 1236 2394 tiuctua
1249 2344 1354 2408 uomugi
1363 2346 1455 2405 quantu
1463 2342 1641 2406 tibipotestasz

1075 2433 1188 2484 stantem
1198 2436 1311 2482 Enmarae
1322 2431 1402 2495 rapias
1410 2431 1548 2491 tumulum,
1559 2430 1626 2479 atiud
1639 2429 1739 2493 quidem
1752 2428 1812 2479 nihii

1104 2520 1230 2583 utiliorei‚
1243 2517 1351 2569 invenies
1365 2531 1424 2568 vero
1437 2532 1494 2568 ossa
1505 2521 1530 2568 et
1541 2519 1655 2569 cinerem.

1260 2667 1315 2713 sss.
1330 2663 1445 2739 omum
1462 2661 1669 2711 nrcoromms.

1071 2807 1156 2867 Neque
1164 2804 1247 2868 putris
1256 2816 1336 2867 neque
1345 2801 1552 2867 exiguumlapidis
1561 2800 1844 2865 pondus,sedErasippi

1102 2891 1168 2955 quod
1178 2893 1257 2942 cernis
1266 2892 1402 2942 boctotum
1416 2904 1484 2941 mure
1498 2893 1536 2941 cst
1547 2889 1697 2954 sepulcrum.

1073 2981 1146 3031 Periit
1155 2980 1220 3031 enim
1229 2994 1287 3030 cum
1296 2993 1371 3041 nare3
1381 2982 1529 3030 ossuautem
1539 2978 1640 3028 ubirtam
1653 2976 1753 3029 tandem
1767 2976 1835 3026 iilius

1102 3070 1218 3132 puteant,
1228 3069 1317 3132 mergis
1329 3071 1415 3118 notum
1425 3068 1484 3118 sotis
1497 3067 1661 3118 ut-idsb'cant.

1180 3219 1234 3264 rte.
1251 3211 1745 3263 tltrtpsrrttrrrrssssLOtttcErt51S.

1074 3355 1159 3407 tutelis
1168 3356 1280 3415 Nicanor,
1290 3368 1351 3404 enno
1364 3353 1481 3404 exstincte
1493 3353 1567 3413 mari,

1100 3444 1168 3507 isoes
1178 3456 1237 3494 sane
1244 3442 1371 3508 peregrino
1385 3439 1468 3492 nutlus
1482 3440 1508 3491 in
1520 3439 1617 3500 littore,

1073 3536 1117 3585 aut
1128 3536 1157 3585 tu
1168 3533 1241 3595 juxta
1255 3532 1383 3597 scopulum
1396 3531 1520 3596 opulente
1532 3528 1678 3586 autemilino
1690 3527 1757 3578 redes

1104 3621 1216 3686 perdite,
1228 3624 1304 3685 atque
1312 3619 1389 3685 ipsius
1400 3619 1487 3685 putrioe
1494 3617 1638 3669 revisendo
1648 3629 1705 3681 spes
1713 3616 1785 3680 periit
1793 3615 1850 3679 Tyri

1105 3787 1232 3849 Quamque
1244 3792 1312 3849 potes
1321 3781 1407 3833 fluctus
1422 3780 1496 3843 tolle,
1509 3795 1627 3845 mnusque
1637 3778 1683 3829 cie.

1071 3867 1095 3918 Si
1111 3876 1191 3917 tamen
1204 3865 1315 3916 Eunsarei
1330 3874 1512 3915 monumentum
1523 3863 1626 3913 destruis
1637 3897 1644 3921 ,
1657 3860 1699 3910 bic
1711 3860 1745 3910 nil
1802 3928 1809 3935 ᾖ

1105 3949 1176 4015 Quod
1187 3949 1256 4014 juret
1270 3947 1392 4009 imenies,
1408 3962 1459 3997 ossa
1470 3946 1511 3995 sed
1525 3953 1549 3995 ct
1558 3944 1659 3993 cineres.

1288 4126 1346 4175 285.
1364 4141 1452 4174 nutucr
1477 4137 1637 4171 nicenorum

1072 4307 1128 4354 Non
1140 4303 1201 4370 lapis
1212 4310 1262 4363 est,
1278 4318 1327 4351 uon
1344 4310 1379 4350 est
1394 4300 1502 4365 Erasippi
1516 4308 1579 4348 terra
1593 4294 1764 4362 sepulc-bruni,

1104 4385 1151 4435 Sed
1162 4384 1207 4434 sub
1216 4391 1369 4450 conspectum
1384 4381 1447 4446 quod
1453 4381 1532 4446 jacet,
1548 4394 1620 4427 omne
1632 4392 1707 4426 mare.

1073 4471 1133 4519 Cum
1145 4475 1197 4516 rate
1212 4481 1266 4513 nam
1279 4463 1367 4530 periit,
1381 4462 1422 4511 sed
1440 4461 1482 4510 ubi
1495 4476 1560 4511 nunc
1575 4475 1627 4509 ossa
1640 4466 1794 4526 putrescunt,

1106 4555 1159 4600 Hoc
1175 4549 1255 4598 dicent
1265 4546 1352 4613 mergi,
1365 4546 1431 4612 queis
1441 4555 1501 4612 puto
1514 4561 1582 4594 nosse
1591 4544 1673 4594 dntttm
1681 4553 1725 4593 est.

1230 4729 1286 4777 286.
1305 4743 1438 4776 surinsrnr
1455 4739 1695 4773 τιιοωιιιοιιιοειιιιο.
1768 4736 1773 4741 ·

1074 4911 1113 4963 Ab
1127 4911 1199 4961 miser
1209 4909 1324 4975 aequoreis
1334 4908 1440 4959 Nicanor
1451 4923 1527 4956 merse
1537 4904 1582 4955 sub
1591 4904 1675 4961 undis,

1108 4993 1193 5046 Nudus
1203 4993 1229 5043 in
1237 5001 1338 5042 esterno
1350 4990 1433 5041 littore
1444 5004 1530 5055 nempe
1543 4988 1623 5053 jaces;

1074 5082 1125 5128 Aut
1136 5077 1216 5142 aliqua
1223 5075 1267 5124 sub
1280 5089 1340 5140 rupe
1356 5088 1363 5123 t
1376 5079 1462 5121 vacant
1473 5071 1514 5120 itta
1527 5068 1615 5133 inclyta
1626 5075 1705 5127 tectu,

1110 5163 1140 5209 Et
1151 5168 1230 5210 tecum
1245 5156 1317 5225 periit
1327 5171 1380 5223 spes
1389 5169 1485 5221 quoque
1495 5159 1544 5202 tota
1555 5149 1623 5216 Tyri.
