3974 5950
641 384 765 445 CAPUT
786 385 835 444 Vi.
858 384 1139 448 EPIGRAMMATA
1159 385 1426 448 bsblcuuontn.
1781 391 1841 454 213

272 516 385 594 πότνια,
398 516 444 575 καὶ
456 516 569 586 σπονδὴν
585 517 655 588 τήνδ’
671 518 872 597 ὑποπυθμίδιον.

1090 528 1240 591 ueneranda,
1255 531 1280 579 et
1289 529 1429 580 libationem
1440 529 1503 581 bane
1517 532 1779 598 dolando-gottorum.

230 605 284 667 Ἢν
295 602 324 663 δί
337 603 371 684 μί
385 608 421 685 γ’,
430 607 465 672 ὥς
479 608 508 664 in
522 605 615 669 νούσου
628 606 771 686 ἀνειρύοω,
786 598 836 665 ὧδε
847 606 892 666 καί
905 593 998 687 ἐχθρῆς
1059 616 1084 666 Si
1094 631 1154 668 vero
1166 632 1206 668 me
1217 618 1331 682 quidem,
1344 621 1373 670 ot
1384 632 1399 669 e
1410 620 1496 670 morbo
1508 622 1648 682 retraxisti,
1663 622 1698 673 sio
1708 627 1734 674 et
1747 622 1844 675 inimica

271 696 302 755 ίκ
315 692 405 765 πενίης
420 691 505 774 ρόοη,
521 691 578 761 δίξο
590 692 793 774 χτμαιροθότην.

442 863 510 914 τοι.
535 854 799 933 unuuiuaxon.

229 993 287 1066 Τλν
300 991 377 1065 ἁλίην
392 991 529 1070 Εὔδημος,
544 993 583 1073 ἔφ’
593 985 624 1065 ἧς
639 993 690 1053 άλο
704 993 775 1053 λιτὸν
791 994 906 1054 ίπίσθεον

267 1083 400 1161 χειμῶνας
414 1080 543 1159 μεγάλους
558 1079 676 1161 ἐξέφυγεν
700 1082 812 1155 δονέων,

1090 719 1121 756 ex
1129 708 1271 770 paupertate
1280 706 1403 769 liberaris,
1413 710 1528 771 exspecta
1534 709 1840 772 cupellam-mactatarum.

1311 855 1367 901 ³01.
1386 852 1587 903 cunimundi.
1678 869 1684 878 ·

1057 993 1166 1045 Sailnnm
1176 995 1317 1058 Eudemus,
1330 997 1356 1046 in
1365 1010 1414 1061 quo
1427 999 1462 1049 sol
1472 1000 1546 1050 tenue
1557 999 1689 1050 eomedens

1087 1082 1208 1147 proeellas
1223 1097 1323 1148 magnos
1332 1086 1434 1137 evitavit
1442 1087 1592 1149 aeris-alieni,

143 1234 148 1241 ,
229 1171 291 1240 θῆκε
306 1175 373 1237 θεοῖς
386 1168 651 1249 Σομόθροξι,λέγων
667 1170 707 1229 ότι
717 1170 813 1250 τήνδε,
828 1173 888 1230 κατ’
903 1171 993 1250 εὐχὴν,
1056 1169 1197 1233 posuitdiis
1210 1173 1422 1238 Samotbnaeibus,
1438 1174 1538 1226 dicens:
1553 1179 1653 1227 ilauece
1662 1177 1694 1228 de
1706 1182 1776 1239 voto,

267 1247 378 1332 ύλαοί,
394 1259 485 1326 συνθείς
500 1258 526 1328 ἐξ
542 1257 622 1336 ἁλὸς,
642 1250 688 1318 ὧδ’
706 1258 788 1322 ἔθετο.

469 1427 537 1478 802.
561 1419 769 1479 ΛΕΩΝΙΔΟΥ.

228 1554 340 1630 Φεύγεθ
357 1555 425 1615 ίνπλκ
439 1556 575 1630 κολόόης,
589 1558 689 1617 σκότιον
708 1556 784 1635 μύες·
804 1556 860 1617 ούτι
873 1558 986 1638 πενιχρλ

268 1647 319 1719 μ’ός
332 1642 414 1716 σιπύη
430 1645 534 1723 βόσκειν
550 1635 604 1705 οἶδε
619 1644 766 1705 Λεωνίδεω.

228 1730 393 1812 Αὐτάρκηςδ
406 1732 521 1813 πρίσόυς
534 1731 603 1813 ἔχων
619 1733 671 1791 ilie
682 1734 728 1792 καλ
738 1732 783 1793 δόο
796 1741 909 1812 κρῖμνο·

267 1820 297 1879 ίκ
309 1819 431 1899 ποτέρων
447 1820 545 1893 ταύτην
565 1823 697 1902 ῄνίσομεν
718 1821 817 1898 βιοτάν.

212 1909 274 1988 ,Τῷ
287 1907 313 1967 τί
321 1907 488 1985 μετολλεόεις
502 1916 593 1972 τοῦτον
604 1901 731 1991 μυχὸν,ίό
745 1912 889 1992 φτλόλιχνε,

265 1996 320 2055 οὐδ’
339 1997 533 2058 άποδειπντδίου
548 2000 685 2079 γευόμενος
699 1998 849 2073 σκυόάλου,

225 2084 345 2144 σπεύδων
359 2087 396 2152 τίς
416 2086 511 2154 άλλους
525 2085 610 2154 οίκους
619 2087 655 2147 ἴθι
671 2087 761 2166 (τάμὰ
775 2089 803 2147 δί
816 2087 892 2167 λιτά)
905 2133 914 2165 ,

265 2163 302 2231 ὄν
320 2172 372 2235 άπο
383 2177 536 2255 πλειοτίρην
547 2176 630 2236 οίσεαι
642 2175 787 2254 appetito.

455 2339 523 2391 303.
547 2331 780 2391 ΑΡΙΣΤΩΝΟΣ.

1088 1261 1207 1324 opopnli,
1219 1266 1333 1314 servatus
1341 1276 1374 1313 ex
1387 1265 1439 1314 sale
1454 1263 1495 1314 blo
1505 1266 1597 1328 posuit.

1334 1409 1388 1455 ³02.
1406 1407 1561 1456 LEONlDAE.

1056 1562 1178 1627 Sulbngite
1189 1576 1221 1613 ex
1239 1575 1310 1626 msa,
1324 1563 1471 1614 tenebricosi
1484 1577 1586 1614 mores:
1607 1564 1726 1615 miserum
1740 1565 1841 1618 minime

1086 1649 1155 1700 novit
1168 1663 1253 1701 mures
1264 1664 1365 1715 pasoere
1377 1651 1504 1716 penatium
1517 1650 1636 1702 Leonida.

1055 1738 1244 1789 Contentus-est
1259 1752 1335 1788 senex
1352 1738 1535 1802 quando-babet
1546 1740 1621 1791 salem
1636 1742 1660 1792 et
1677 1740 1740 1792 duos
1756 1755 1842 1806 panes·

1086 1838 1101 1874 a
1113 1825 1224 1888 patlibus
1236 1823 1300 1875 bano
1308 1824 1466 1889 probavimus
1477 1827 1562 1878 vitano.
1664 1827 1821 1892 [hordeaceos
1834 1850 1839 1877 z

1055 1914 1107 1963 Cur
1117 1913 1191 1978 igitur
1201 1913 1456 1978 fodiens-pervestigas
1469 1915 1518 1965 tole
1529 1929 1630 1977 oenum,
1641 1915 1785 1980 oliguritor,

1085 2004 1234 2053 actm-omme
1242 2014 1274 2053 ne
1282 2004 1444 2068 purgamenta
1459 2001 1559 2067 quidem
1572 2005 1733 2067 gustaturus?

1054 2090 1168 2142 Festinus
1179 2090 1211 2141 ad
1220 2090 1280 2142 abus
1290 2090 1354 2142 vade
1367 2090 1455 2142 domos
1466 2092 1535 2156 (mea
1545 2092 1609 2143 enim
1621 2095 1681 2145 sunt
1692 2092 1774 2144 tenuia
1784 2093 1808 2155 ),

1086 2191 1116 2228 ex
1131 2177 1222 2241 quibus
1234 2176 1437 2229 abundantiorem
1448 2179 1547 2229 auteres
1556 2179 1660 2230 vietum.

1326 2347 1382 2394 303,
1398 2344 1568 2394 ARISTONIS.

224 2456 262 2527 Ὦ
276 2467 355 2545 μύες,
368 2471 392 2528 εἰ
404 2467 451 2545 μὲν
471 2472 512 2528 ἐπ’
528 2471 606 2553 άρτον
620 2470 774 2545 elatione,
788 2473 813 2540 ἐς
830 2472 913 2552 μυχὸν
931 2474 1010 2533 ἄλλον
1056 2485 1077 2533 0
1091 2496 1189 2544 mures,
1204 2483 1224 2533 si
1237 2483 1307 2547 panis
1323 2482 1506 2547 pelendieausa
1520 2484 1636 2547 venistis,
1648 2483 1680 2534 ad
1689 2498 1750 2535 ouva
1762 2486 1809 2535 alio

264 2559 378 2640 στείχετ’
395 2560 474 2640 (ἐπεὶ
485 2561 560 2634 λιτλν
574 2562 694 2639 οἰκέομεν
708 2564 864 2645 κολόόην),

224 2639 253 2708 ού
270 2649 315 2708 καί
327 2648 407 2708 πίονα
419 2649 497 2730 τυρδν
511 2650 690 2733 άπαδρίψεσθε
702 2651 747 2710 καί
762 2650 829 2725 ούην

264 2736 377 2816 ἰσχάδα,
395 2737 441 2796 καί
455 2738 560 2797 δεῖπνον
577 2737 673 2817 συχνδν
688 2738 741 2798 eei
754 2741 907 2801 σκυόάλυνν.

225 2825 257 2883 Ei
272 2825 295 2883 δ’
311 2826 337 2883 ίν
351 2825 428 2898 ἐμαῖς
445 2823 560 2904 βίύλοτστ
573 2825 653 2884 πάλιν
668 2826 822 2899 καταθήξετ’
838 2829 947 2902 ὀδόντα,

264 2908 420 2990 κλούοεοθ,
433 2914 480 2972 ούκ
492 2913 588 2992 άγαθδν
599 2917 689 2991 κῶμον
704 2915 886 2995 ἐπερχόμενοι.

491 3082 558 3134 aot.
580 3074 739 3134 obuius.

226 3206 319 3267 ’lixtis'
334 3198 356 3268 ό)
371 3209 542 3289 κολομευτά,
558 3211 619 3269 ποτλ
630 3211 703 3290 ξερδν
718 3213 771 3272 ἔλθ’
784 3214 836 3272 άπὸ
848 3214 959 3295 πέτρας,

264 3295 311 3356 καί
326 3320 359 3374 με
371 3297 435 3356 λάθ’
446 3297 561 3379 εὖάρχαν
575 3297 673 3378 πρώϊον
689 3300 815 3377 ίμπυλίο.

225 3384 291 3445 Αἴτε
304 3386 337 3445 σό
349 3388 410 3465 γ’ίν
425 3386 513 3465 κύρτῳ
528 3387 714 3466 μελανουρίδος
721 3435 729 3461 ,
745 3387 802 3448 οίτε
812 3390 859 3446 τιν’
870 3390 957 3469 άγρεῐς

265 3473 398 3554 μορμύρον
406 3518 416 3550 ,
425 3472 444 3544 ἢ
454 3472 567 3552 κίχλην,
580 3473 598 3545 ἦ
610 3474 727 3553 σπάρον,
741 3475 758 3545 ἢ
774 3477 907 3554 σμαρίδα,

226 3558 330 3619 αὐτόθεν
346 3562 468 3627 αὐδάσετς
488 3583 520 3638 με
532 3561 576 3619 τὸν
588 3563 619 3621 ού
630 3561 722 3641 κρίος,
737 3564 806 3621 ἀλλὰ
820 3563 955 3622 θάλασσαν

264 3653 398 3729 τιμῶντα,
410 3653 533 3731 ψαφαροῦ
546 3649 698 3725 κλάσμοτος
710 3653 746 3716 εἰς
756 3650 871 3711 ἀπάταν.

226 3740 365 3806 Χαλκίδος
377 3740 409 3811 ἢν
424 3740 451 3798 δὲ
466 3739 545 3820 φέρῃς
554 3740 751 3819 φιλοκονθίδας,
763 3739 849 3812 ἤτινα
861 3737 982 3820 θρίσσαν,

264 3827 382 3908 εὗάγρετ·
393 3828 493 3886 λιθίνον
511 3828 540 3886 ού
557 3828 608 3908 γάρ
623 3828 677 3908 ίχυν
691 3828 806 3910 φάρυγα.

514 4067 571 4115 lon.
591 4081 710 4115 aeonion.

226 4191 278 4238 blau
293 4187 382 4239 sisiste
391 4205 443 4240 coss
458 4204 465 4239 τ
481 4206 535 4240 nam
549 4206 623 4258 parva
634 4192 745 4242 leonidis
760 4200 796 4242 est
806 4206 854 4251 nes,

256 4272 308 4321 tiso
320 4270 384 4321 bona
400 4272 523 4338 pascendis
536 4273 646 4323 muribus
654 4283 719 4323 unctu
729 4289 812 4339 penne

223 4353 320 4420 Quippe
332 4354 383 4404 seui
395 4354 452 4405 satis
460 4364 495 4404 est
509 4356 572 4422 pois,
586 4357 670 4423 panis,
685 4366 708 4407 et
718 4371 857 4423 aeqooaeum
871 4355 920 4415 sai;

257 4438 314 4485 lieo
330 4435 362 4486 eb
370 4437 420 4486 ονίε
432 4437 467 4486 illi
479 4437 527 4488 vitu
539 4439 625 4489 relicta
635 4440 713 4506 piacet
727 4454 734 4488 ε

223 4520 299 4568 Parve
310 4518 430 4585 lipmtor,
443 4536 487 4570 our
495 4519 547 4570 hoe
560 4522 695 4587 penetralia
709 4522 809 4585 lustres,

220 4666 224 4673 γ
257 4602 286 4649 ln
297 4599 385 4667 quibam
394 4615 424 4654 ex
438 4617 504 4651 eoeoa
517 4602 579 4652 mles
594 4603 697 4652 neentis
706 4604 791 4652 ondit?

223 4683 312 4732 Nostra
320 4681 385 4733 vides
394 4684 501 4750 quietim
514 4699 520 4734 :
535 4684 614 4734 eliens
627 4683 653 4733 in
665 4684 748 4734 limine
760 4684 842 4749 migra,

257 4768 317 4816 Sunt
329 4765 371 4817 ubi
380 4783 434 4834 qun
446 4767 538 4835 possint
550 4776 575 4816 te
587 4767 675 4816 satiare
693 4768 775 4834 dapes.

499 4904 557 4953 30³.
580 4919 717 4953 salmonis.

224 5035 343 5103 elpedio
354 5035 444 5087 vietum
457 5052 536 5088 munes
554 5036 662 5113 absistite
676 5053 747 5103 parce

257 5117 351 5169 Limine
364 5129 437 5171 :aunt
447 5135 501 5186 qun
517 5134 639 5169 uossunea
658 5127 720 5168 tecta
733 5127 832 5180 vocent,

224 5203 294 5254 Ficus
303 5202 346 5254 ubi
363 5204 430 5255 vobis
446 5212 471 5254 et
487 5202 555 5271 copia
571 5201 646 5253 muita
663 5202 739 5253 coacti

1084 2571 1167 2622 vadite
1178 2572 1283 2636 (quippe
1294 2574 1395 2623 tenuem
1405 2571 1545 2622 habitemus
1554 2574 1665 2636 cosam),

1054 2659 1096 2711 ubi
1110 2661 1136 2711 si
1149 2659 1266 2724 pinguem
1278 2672 1377 2711 caseum
1388 2658 1511 2711 abundetis
1522 2661 1547 2710 et
1558 2659 1648 2711 siceum

1085 2747 1174 2810 doum,
1184 2750 1210 2799 et
1218 2761 1313 2798 omnum
1324 2748 1417 2812 largam
1429 2750 1539 2811 capietis
1546 2761 1574 2799 en
1584 2748 1756 2813 purgamentis.

1053 2836 1079 2886 Sl
1093 2849 1153 2887 vem
1164 2836 1190 2886 in
1200 2835 1339 2887 meisiibris
1347 2836 1437 2886 iterum
1447 2836 1542 2887 acuetis
1552 2836 1666 2900 dentem,

1084 2923 1224 2989 plorabitis,
1239 2925 1328 2974 maiam
1338 2924 1533 2979 mmissatiooem
1545 2924 1673 2976 obeuntes.

1339 3092 1393 3138 304.
1413 3088 1547 3137 PHANIAE.

1053 3221 1075 3269 0
1086 3218 1197 3269 littoralis
1206 3219 1323 3281 piscator,
1333 3218 1358 3267 in
1365 3219 1458 3268 siecum
1466 3217 1524 3268 ueni
1535 3220 1640 3281 apetm,

1083 3309 1109 3358 et
1117 3319 1158 3357 me
1167 3306 1250 3370 aeoipe
1258 3305 1486 3369 bene-incipientem
1495 3306 1644 3356 matutinum
1654 3309 1797 3370 emptorem.

1053 3393 1110 3444 sive
1118 3396 1146 3444 tn
1155 3394 1181 3443 tn
1193 3407 1265 3444 nasse
1275 3394 1429 3455 melanurus,
1439 3393 1492 3444 sive
1501 3393 1568 3458 ospis
1576 3393 1683 3461 aliquem

1083 3497 1251 3546 mormyrum,
1261 3483 1301 3532 uel
1310 3482 1420 3545 turdum,
1429 3483 1469 3533 vel
1478 3495 1588 3545 sparum,
1596 3482 1637 3532 nel
1643 3482 1788 3542 mandem,

1052 3572 1136 3624 statim
1149 3571 1284 3636 appellabis
1296 3584 1351 3631 me,
1366 3573 1409 3635 qui
1424 3584 1473 3621 non
1491 3584 1590 3622 earnem
1601 3609 1607 3631 ‚
1617 3571 1661 3621 sed
1675 3584 1744 3621 mare

1082 3659 1201 3710 honorem
1212 3697 1219 3721 ,
1229 3659 1288 3709 siooi
1298 3659 1369 3710 innoti
1377 3659 1518 3710 taedium-ut
1527 3660 1616 3710 latiam.

1052 3734 1084 3799 it
1096 3745 1218 3798 chalcidas
1230 3748 1252 3798 si
1260 3748 1310 3798 iens
1318 3746 1437 3812 spinosus,
1447 3747 1488 3798 vel
1496 3748 1604 3812 aliquam
1613 3749 1739 3812 clupeam,
1809 3778 1817 3783 -

1085 3836 1336 3900 iaostepisoeusvaie
1352 3835 1493 3900 :lapideum
1509 3837 1575 3887 enim
1590 3851 1639 3887 oon
1651 3836 1729 3886 babeo
1744 3834 1833 3899 gulam

1084 4047 1173 4109 hetia,
1185 4056 1210 4098 et
1224 4065 1238 4098 e
1252 4050 1326 4098 omnis
1337 4051 1414 4100 oileus
1425 4067 1492 4100 coeos
1504 4024 1584 4100 dotun.

1051 4132 1085 4179 st
1098 4139 1191 4181 nostrus
1204 4130 1292 4181 iterum
1306 4132 1387 4198 petitis
1401 4133 1422 4181 εἰ
1433 4133 1505 4181 dente
1516 4148 1632 4198 papyros,

1085 4213 1201 4304 Flebilis3
1215 4214 1322 4281 expletos
1332 4223 1415 4264 mmsis
1424 4214 1512 4264 eborea
1526 4225 1616 4263 manet.

1351 4418 1408 4470 304.
1426 4432 1532 4463 ruanis.

1052 4619 1079 4664 ln
1095 4623 1184 4664 lennem
1198 4614 1229 4664 de
1244 4629 1305 4681 rupe
1316 4614 1371 4664 veni
1383 4614 1497 4680 piscator,
1511 4623 1535 4664 et
1549 4631 1610 4664 ame

1084 4697 1166 4763 incipe
1178 4705 1302 4763 capturam
1314 4696 1418 4747 uendere
1429 4712 1498 4746 mnne
1512 4713 1589 4758 novo,

1051 4785 1098 4834 Seu
1111 4792 1150 4834 tua
1162 4781 1209 4832 ient
1220 4781 1309 4833 iisoeiio
1317 4780 1406 4832 bonam
1419 4781 1585 4845 meisnuoido,
1601 4780 1651 4831 siue

1085 4868 1241 4930 Mormonon,
1255 4874 1296 4916 sut
1307 4864 1399 4928 turdos,
1409 4874 1450 4913 aut
1462 4880 1558 4930 span-ou,
1573 4872 1614 4912 sut
1626 4862 1737 4911 smanids.

1052 4952 1114 5000 Num
1124 4965 1205 5011 mare,
1218 4966 1265 5000 non
1279 4965 1363 5000 earnes
1374 4949 1440 4998 cordi
1455 4947 1513 4997 mibi
1530 4964 1536 4996 :
1549 4946 1618 5013 piscis
1629 4961 1710 4995 umore

1085 5034 1126 5082 bie
1137 5041 1228 5099 spectas
1239 5031 1299 5082 aiios
1308 5033 1332 5080 in
1342 5047 1407 5079 mare
1420 5030 1482 5078 ierne
1492 5029 1567 5079 cibos.
1659 5046 1661 5051 ·

1053 5120 1086 5168 At
1096 5116 1116 5166 εἰ
1126 5115 1172 5166 iem
1186 5117 1310 5182 clupeam,
1326 5116 1364 5164 oei
1374 5129 1432 5179 qum
1442 5129 1507 5163 mane
1518 5112 1591 5178 gignit
1605 5111 1695 5171 enicas,

1086 5205 1158 5265 Perge
1167 5199 1286 5263 valeque:
1304 5197 1358 5263 goia
1373 5206 1465 5245 estnon
1478 5194 1583 5260 lapidosa
1595 5191 1663 5242 milii.
