4000 5952
708 824 1246 987 PRAEFATIO.

839 1178 1119 1216 -ἢοῢ-ι

240 1486 370 1571 Quare
382 1481 517 1553 lactum
533 1483 579 1553 sit
588 1496 629 1552 ut
642 1479 857 1576 anthologia
868 1483 1163 1578 epigrammatum
1183 1507 1279 1553 nunc
1291 1481 1438 1553 demum
1451 1464 1604 1580 prodeat
1616 1482 1758 1555 diverso

192 1629 212 1676 a
232 1604 412 1704 plerisque
438 1604 548 1703 hujus
570 1604 792 1676 Bibliothecae
809 1603 1053 1677 voluminibus
1077 1618 1226 1696 ornatu,
1246 1604 1404 1676 editionis
1433 1609 1618 1677 Variorum
1646 1605 1759 1676 instar

192 1725 308 1828 (quod
322 1752 432 1825 genus
445 1728 532 1801 olim
547 1744 625 1802 erat
639 1730 678 1801 in
697 1728 864 1826 deliciis),
885 1753 1065 1827 exponere
1082 1729 1188 1802 liceat
1206 1729 1367 1827 longiore
1390 1728 1511 1803 forsan
1534 1729 1758 1821 narratione,

192 1852 255 1925 sed
274 1854 440 1950 ingenua.

239 1981 317 2049 lam
346 1956 545 2050 tricesimus
571 1980 687 2075 agitur
709 2003 824 2051 annus
842 2003 884 2051 ex
912 2003 986 2076 quo
1013 1979 1192 2052 Firminus
1220 1980 1332 2054 Didot
1355 1994 1518 2052 veterum
1541 1979 1758 2079 scriptomm

192 2126 388 2198 graecorum
407 2103 659 2177 collectionem
683 2103 942 2203 amplissimam
970 2104 1080 2201 coepit
1096 2104 1236 2199 moliri,
1256 2106 1405 2177 minime
1429 2130 1514 2176 sane
1540 2103 1673 2178 oblitus
1697 2119 1760 2177 aut

193 2226 372 2323 negligens
387 2227 647 2301 versiculorum
665 2227 810 2300 illorum
824 2229 887 2327 qui
904 2242 1021 2300 totum
1035 2246 1324 2320 monumentum,
1344 2230 1442 2302 velut
1453 2229 1585 2302 hedera
1606 2244 1668 2301 aut
1686 2229 1758 2302 cle·

193 2352 327 2422 matitis
335 2353 517 2448 ingentem
525 2351 713 2450 platanum
723 2351 768 2424 ab
783 2354 857 2423 imo
872 2367 1003 2423 trunco
1016 2353 1054 2423 in
1067 2350 1213 2423 ultimos
1226 2377 1340 2450 usque
1352 2351 1512 2425 ramulos
1527 2354 1709 2451 corymbis
1725 2371 1761 2428 et

193 2474 349 2548 flosculis
364 2477 480 2548 vestit.
502 2481 581 2549 lmo
602 2476 817 2573 singularem
835 2476 994 2548 latorem
1019 2476 1170 2548 fortunae
1193 2476 1231 2547 in
1253 2473 1311 2547 his
1334 2489 1549 2548 tercentum
1571 2462 1759 2577 poetarum

193 2599 352 2705 reliquiis
371 2615 537 2699 expertus
557 2615 594 2673 et
606 2600 674 2674 sibi
690 2600 932 2699 gratulabatur
946 2615 983 2673 et
998 2599 1079 2673 orbi
1094 2599 1254 2692 literato,
1270 2600 1369 2699 quod
1390 2600 1451 2673 ille
1468 2602 1545 2700 ipse
1563 2605 1629 2695 vir,
1651 2588 1759 2703 quem

193 2725 356 2797 unanimi
380 2749 507 2798 omnes
525 2723 695 2822 suffragio
714 2725 761 2798 ad
774 2750 851 2797 rem
875 2726 1070 2822 gerendam
1088 2724 1317 2823 delegissent,
1340 2724 1594 2823 elegantiarum
1626 2727 1760 2801 arbiter

194 2847 289 2921 idem
313 2863 349 2921 et
373 2848 566 2948 exemplar,
585 2850 776 2946 omnigena
795 2848 959 2922 doctrina
987 2847 1192 2949 spectabilis
1219 2853 1474 2922 B01ssouanms
1501 2873 1593 2948 opus
1620 2875 1760 2923 summe

193 2975 352 3066 varium,
370 2973 619 3072 duodeviginti
634 2975 746 3047 ferme
765 2975 892 3047 saecula
917 2972 1139 3071 antiquitatis
1162 2971 1390 3070 complexum
1414 2974 1452 3043 in
1476 2996 1553 3045 sese
1575 2989 1760 3073 receperat

193 3094 387 3169 edendum.
400 3098 462 3168 His
470 3097 636 3196 auspiciis
648 3097 925 3196 praeclarissimis
934 3096 1104 3170 adornari
1113 3111 1231 3196 coepta
1244 3111 1297 3168 est
1310 3095 1532 3194 Anthologiae
1542 3122 1635 3169 nova
1648 3097 1760 3171 editio

192 3243 289 3292 anno
306 3224 615 3295 MDCOCXXXVI.
636 3225 708 3293 Nee
733 3220 844 3295 latine
870 3220 1035 3295 vertendi
1054 3245 1134 3320 quae
1146 3225 1250 3318 Hugo
1266 3221 1413 3293 Grotius
1441 3220 1606 3293 nondum
1623 3246 1759 3318 cogno·

191 3357 293 3415 verat
316 3344 571 3441 epigrammata
590 3343 647 3416 bis
673 3343 771 3416 mille
795 3347 978 3442 negotium
1001 3347 1180 3418 recusavit
1202 3347 1258 3417 vir
1276 3346 1425 3417 eximius
1450 3360 1486 3416 et
1503 3346 1759 3443 exquisitarum

193 3490 315 3539 rerum
331 3466 576 3565 plenissimam
598 3469 871 3541 annotationem
891 3466 1045 3541 texebat.
1064 3472 1183 3557 Quam
1202 3491 1286 3539 cum
1303 3465 1443 3538 videret
1461 3481 1498 3536 et
1524 3465 1761 3539 admiraretur

192 3590 370 3663 Firminus
398 3591 525 3683 Didot,
546 3593 649 3665 enine
676 3591 878 3665 obsecravit
905 3591 1176 3664 Boissonadium
1204 3607 1245 3664 ut
1261 3590 1399 3689 justum
1425 3606 1461 3662 et
1489 3590 1760 3687 quodammodo

191 3733 407 3817 perpetuum
421 3719 721 3791 commentarium
739 3717 894 3791 scrihere
915 3741 962 3788 ne
975 3715 1241 3813 dedignaretur,
1258 3741 1368 3814 quem
1393 3715 1571 3788 lectorum
1594 3718 1759 3789 omnium

193 3856 229 3913 et
243 3841 370 3941 plausu
392 3857 582 3942 exceptum
604 3844 650 3916 iri
667 3842 907 3941 augurabatur
920 3855 957 3912 et
978 3840 1174 3914 eommodo
1194 3840 1272 3913 lore
1286 3866 1441 3931 summo,
1455 3840 1611 3938 plurima
1625 3843 1760 3940 quippe

193 3969 231 4039 in
249 3970 437 4067 poematiis
449 3991 506 4039 res
520 3966 631 4040 hodie
649 3968 767 4040 minus
785 3966 944 4064 cognitas
955 3965 1159 4066 ¹saepissime
1183 3964 1410 4063 tangentibus
1429 3989 1504 4036 non
1523 3966 1605 4036 satis
1618 3963 1758 4036 intelle·

192 4105 379 4164 cturorum
406 4093 475 4163 nisi
501 4091 746 4190 explicationis
766 4090 902 4189 aliquid
926 4089 1270 4167 subministraretur.
1289 4088 1357 4162 Sed
1383 4087 1484 4160 nullo
1509 4087 1638 4179 modo,
1653 4113 1761 4186 prece

96 4307 99 4313 Ι
194 4214 290 4287 nulla
307 4217 510 4314 permoveri
530 4230 670 4314 poterat
681 4217 738 4288 vir
750 4215 963 4309 immortalis
980 4229 1022 4287 ut
1039 4240 1102 4288 sua
1120 4240 1231 4287 manu
1246 4228 1405 4287 exararet
1419 4226 1455 4284 et
1472 4211 1645 4284 Didotum
1666 4213 1760 4309 typis

193 4338 395 4413 describere
411 4337 555 4439 juberet
579 4364 658 4437 quae
676 4341 752 4439 jam
776 4339 823 4412 ab
846 4340 924 4413 aliis
938 4354 1036 4412 recte
1056 4339 1150 4412 dicta
1166 4353 1283 4411 essent
1296 4351 1333 4409 et
1346 4335 1439 4408 bene
1452 4335 1612 4432 exposita
1635 4361 1643 4406 ε
1665 4359 1761 4408 nova

194 4463 305 4536 modo
324 4479 360 4537 et
373 4489 435 4535 sua
448 4463 637 4555 daturum,
653 4463 770 4536 aliena
784 4466 847 4562 qui
861 4463 1059 4556 desideret,
1075 4462 1222 4536 aliunde
1236 4461 1318 4533 huic
1331 4483 1407 4531 esse
1421 4457 1594 4558 petenda3
1612 4460 1649 4530 in
1666 4461 1761 4532 notis

192 4612 234 4661 ea
251 4588 351 4662 libris
368 4603 545 4688 prostare.
563 4590 670 4687 Atqui
687 4614 762 4661 non
775 4604 945 4689 poterant
962 4590 1000 4661 in
1013 4584 1280 4662 difficilioribus
1299 4598 1354 4658 tot
1367 4607 1518 4656 numero
1532 4582 1622 4657 locis
1636 4609 1759 4657 neces·

192 4713 283 4785 saria
296 4713 344 4786 ad
356 4713 690 4812 interpretationem
703 4715 895 4813 proeteriri,
915 4712 1005 4785 dum
1018 4711 1127 4785 vicini
1141 4709 1214 4782 loci
1237 4709 1275 4781 in
1291 4709 1472 4808 exquisitis
1486 4707 1713 4808 philologieae
1726 4724 1760 4781 et

193 4836 357 4910 literaria
373 4836 547 4910 doctrinae
561 4837 748 4936 cuppediis
759 4837 991 4910 luxuriarent.
1007 4842 1061 4909 tta
1080 4837 1199 4909 evenit
1214 4850 1253 4907 ut
1271 4848 1350 4907 tum
1370 4832 1518 4932 quidem
1543 4858 1599 4905 res
1620 4832 1760 4905 faustis·

192 4962 292 5035 simis
310 4961 438 5033 avibus
449 4960 617 5034 inchoata
636 4963 759 5059 etjam
778 4961 933 5035 multum
946 4977 1136 5062 provecta,
1156 4960 1277 5034 subito
1290 4959 1445 5057 abrupta
1460 4957 1699 5030 omitteretur.

242 5085 349 5176 Quod
363 5112 477 5185 quum
498 5088 684 5184 aegerrimo
699 5087 821 5159 animo
841 5086 934 5160 ferre
951 5086 1125 5160 Didotum
1144 5084 1325 5174 viderem,
1347 5107 1444 5153 anno
1469 5085 1757 5154 Muuccxxxnt

193 5209 305 5283 literis
318 5210 391 5284 adii
406 5216 633 5286 Famnrucmr
658 5216 803 5304 Jacons,
818 5211 921 5307 cujus
940 5226 978 5283 ut
989 5210 1196 5283 aliiomnes
1215 5229 1393 5281 summam
1418 5203 1677 5275 humanitatem
1714 5203 1760 5272 ita
