4020 5946
218 360 282 423 ³00
794 358 1049 421 ANTHOLOGIAE
1070 359 1275 421 PALll‘l'INAE

414 502 479 553 145.
502 491 790 554 ΑΣΚΔΗΠΙΑΔΟΥ.

210 618 265 680 'at‘
282 621 334 699 ἐγὼ
346 620 363 680 δ
374 622 481 700 τλάμων
494 622 585 703 lapset
599 622 673 704 παρδι
687 625 753 703 τῷδε
763 623 882 702 κάθημαι

249 710 362 779 Αἴαντος
373 709 468 791 τύμδῳ
480 712 623 793 κειραμίνα
637 711 801 788 πλοκάμους,

210 798 289 874 θυμὸν
304 798 364 877 άχει
376 800 484 879 μεγάλῳ
501 798 689 877 βεῦολημένα,
707 801 730 857 εἰ
742 798 807 878 παρ’
821 798 935 879 Ἀχαιοῖς

250 884 267 942 δι
281 884 412 966 δολόρρων
424 883 525 945 ’Andro
538 884 649 966 κρέσσον
664 888 727 962 ἐμεῦ
741 886 859 946 δύναται.

325 1027 391 1077 146.
416 1019 668 1079 ΑΝΤΙΠΑΤΡΟΥ
689 1019 882 1079 tinnulos.

210 1147 291 1221 Σῆμα
305 1144 367 1222 παρ’
383 1146 518 1205 sisinum
531 1147 574 1204 ἐπὶ
586 1145 730 1217 Ῥυιτηίσιν
745 1147 837 1212 ἀκταῖς

249 1231 400 1311 θυμοδαρῆς
412 1233 504 1313 ’Aperit
522 1234 640 1312 μύρομαι
652 1235 777 1311 ἑζομένα,

208 1321 380 1397 άπλδκαμος,
394 1321 538 1395 πινόεσσα,
553 1323 596 1380 διδ
607 1322 691 1403 κρίσιν
707 1323 764 1382 ὅττι
776 1325 923 1401 Πελασγῶν

250 1411 295 1466 οὐκ
308 1411 388 1487 ἀρετά
399 1417 476 1490 νικᾷν
488 1410 616 1489 ἔλλαχεν,
632 1412 701 1469 ἀλλά
714 1411 796 1477 δολυς.

208 1494 314 1573 Τεῦχεα
327 1498 349 1555 δ’
364 1495 396 1554 ἂν
407 1496 502 1564 λέξειεν
517 1497 657 1578 Ἀχιλλέος·
671 1496 814 1577 «Ἀρσινος
826 1499 930 1575 ἀκμάς,

250 1585 301 1642 σοῦ
318 1586 429 1643 σκολιῶν
442 1584 531 1663 μύθων
546 1586 633 1663 ἄμμες
647 1584 770 1666 ἐφιέμεθα
788 1612 817 1644 ν.

472 1718 538 1770 itt.
560 1711 715 1772 laxior.

211 1835 313 1899 Μοῦνος
330 1834 534 1913 ἔναιρομίνοισιν
546 1835 596 1892 iani
613 1856 699 1913 μαχος
709 1833 808 1893 ἀσπίδα
820 1833 925 1910 τείνας,

250 1920 327 1995 νηυσὶ
343 1920 424 2001 βαρὺν
438 1923 550 2002 Τρώων,
568 1857 648 1999 Δίαν,
663 1921 768 1999 ἔμεινας
779 1922 854 2003 άρην·

210 2008 268 2068 otti
280 2031 310 2068 σε
323 2009 474 2088 χερμαδίων
488 1999 555 2069 ὦσεν
566 2009 680 2083 κτύπος,
694 2008 805 2091 οὐνίρος
818 2013 875 2089 laio,

250 2098 279 2157 οὔ
293 2104 355 2177 πῦρ,
370 2100 399 2157 οὐ
415 2098 541 2177 δοράτων,
553 2101 582 2157 οὔ
597 2097 690 2179 ξιρίων
706 2099 837 2177 πάταγος·

166 2203 184 2242 s
211 2186 272 2244 ἀλλ’
288 2186 372 2252 sien<
384 2186 538 2266 προόλήςτε
549 2187 594 2244 καὶ
606 2186 733 2264 ἔμπεδος,
745 2185 781 2256 ὥς
794 2212 833 2255 τις
844 2187 950 2268 ἑρίπνα,

250 2274 374 2353 ἱδρυθεὶς,
388 2274 464 2346 ἔτλης
477 2274 596 2333 λαίλαπα
609 2274 772 2351 δυσμενέων.

212 2363 245 2421 lit
258 2361 285 2420 δέ
297 2386 326 2421 σε
340 2363 376 2438 μὴ
389 2362 527 2442 τεύχεσσιν
543 2363 673 2443 Ἀχιλλέος
685 2363 799 2426 ὥπλισαν
813 2364 927 2440 Ἑλλάς,

249 2448 319 2519 άξιον
331 2453 388 2509 ἀντ’
403 2454 497 2532 ἀρετᾶς
510 2453 579 2511 ὅπλα
594 2458 711 2532 ποροῦσα
726 2453 820 2535 γίρας,

210 2538 333 2618 Μοιράων
349 2542 460 2620 βουλῇσι
469 2541 526 2599 τάδ’
539 2541 695 2619 ἤμπλακεν,
709 2547 744 2610 ὡς
758 2542 790 2601 ἂν
808 2542 855 2602 ὑπ’
869 2546 969 2624 ἐχθρῶν

153 2643 183 2683 so
250 2626 287 2705 μή
299 2651 380 2706 τινος,
398 2627 466 2688 diii
481 2628 513 2688 οῦ
528 2634 561 2714 σῇ
576 2630 678 2709 πότμον
694 2630 755 2710 ἕλῃς
769 2632 893 2711 παλάμῃ.

459 2765 520 2815 148.
540 2766 737 2814 ΑΔΕΣΠΟΤΟΝ.

207 2870 289 2953 Σῆμα
301 2877 354 2936 τόδ’
370 2877 480 2946 Αίαντος
491 2878 683 2956 Τελαμωνίου,
698 2879 726 2938 δν
738 2878 818 2939 κτάνε
832 2881 932 2960 Μοῖρα,

247 2966 493 3046 αιἰτοῦχρησαμίνα
504 2966 550 3026 καί
565 2967 627 3049 χερὶ
643 2967 689 3028 καὶ
704 2966 781 3048 ξίφεϊ.

208 3049 279 3112 Otii
290 3052 340 3133 γάρ
351 3055 377 3111 ἔν
392 3054 508 3125 θνητοῖσι
522 3055 652 3127 δυνήσατο
661 3053 707 3113 καλ
725 3058 843 3133 μεμαυῖα

247 3140 385 3220 εὑρέμεναι
397 3142 498 3202 Κλωθὼ
511 3145 573 3224 τῷδ’
589 3144 676 3224 ἕτερον
692 3143 784 3225 poulo.

349 3282 416 3333 149.
442 3275 638 3335 ΑΕΟΝἹΊΟΥ
658 3276 848 3337 axonam.

204 3400 301 3459 diuisus
315 3400 352 3460 ut
362 3401 445 3482 Τροίῃ
457 3402 643 3479 Τελαμώνιος,
661 3402 691 3464 οὔ
702 3428 754 3463 τινι
768 3407 790 3463 δ’
807 3404 893 3481 ἔμπης

247 3489 370 3549 desidiam
385 3491 487 3558 ὀπάσας
504 3482 578 3572 εῦχος
591 3495 634 3550 ἑοῦ
650 3492 770 3552 θανάτου·

478 3659 533 3714 145.
554 3673 721 3721 ascanium,

538 3745 568 3795 de
578 3747 662 3809 Aiace.

208 3836 287 3887 Fortis
300 3835 330 3886 ad
342 3836 422 3901 Ajaeis
434 3837 553 3886 tumulum
566 3838 689 3902 (miserere
699 3839 787 3904 tiator)

241 3918 310 3968 Fleuo
321 3917 392 3967 sedeo
408 3917 506 3979 Virtus,
519 3928 542 3967 et
555 3918 659 3969 lacerata
668 3936 765 3972 eomas:

206 4000 286 4049 Corde
295 3999 379 4049 dolens
390 4008 455 4061 toto,
467 4000 585 4049 Fraudem
597 4016 622 4051 se
634 4001 699 4052 nube
710 4011 829 4068 tegentem

240 4081 312 4146 Quod
323 4080 390 4147 Grajl
403 4097 515 4147 proceres
531 4083 667 4134 antetulere
682 4085 751 4137 mihi.

494 4188 549 4242 146.
569 4202 719 4251 ιιιτιαιιτει,

530 4274 561 4325 de
576 4275 667 4327 eodem.

206 4362 284 4429 Aiacis
295 4363 389 4414 tumulo
401 4363 503 4415 erreteo
518 4364 542 4415 ia
553 4365 635 4416 littore
647 4367 728 4432 lugens

239 4447 337 4497 Assideo
348 4447 433 4499 Virtus
445 4450 492 4500 icta
506 4451 590 4502 dolore
601 4453 676 4517 graui,

206 4530 334 4595 squalens,
345 4532 415 4581 scissa
426 4549 519 4597 comas,
531 4537 594 4602 quod
605 4553 653 4586 non
669 4546 704 4587 est
716 4547 786 4603 gente
800 4537 895 4602 Pelasga

239 4613 323 4663 Iudice
334 4615 417 4665 uirtuti
426 4617 467 4665 sed
476 4618 531 4668 data
540 4620 618 4686 palma
630 4621 695 4672 dolo.

208 4694 283 4761 ipsius
292 4710 372 4757 arma,
382 4696 449 4761 loqui
464 4710 574 4765 possent,
586 4701 742 4766 loquerentur
753 4703 855 4753 Achillis
866 4721 872 4733 ·

241 4776 284 4826 Vis
294 4775 381 4840 nobis,
394 4785 420 4827 at
432 4793 482 4828 uon
496 4780 583 4831 callida
594 4781 657 4831 dieta
670 4783 775 4849 placent.

509 4885 565 4940 147.
582 4893 693 4943 sncuu,

531 4969 561 5018 de
574 4969 664 5022 eodem.

209 5069 256 5132 Qui
269 5067 319 5117 iace
330 5083 455 5120 succensas
463 5069 549 5136 elpoeo
562 5071 691 5122 defendere
704 5088 809 5140 puppes,

242 5152 347 5219 Vimque
359 5152 477 5220 Phrpgum
491 5171 569 5221 posses
582 5155 689 5221 pellere,
703 5157 767 5207 solus
779 5172 850 5209 eres:

1302 502 1355 551 145.
1373 499 1585 550 ASOEEPIADAE.

1046 631 1107 680 laea
1122 643 1167 694 ego
1177 629 1259 680 infelix
1272 630 1359 681 virtus
1372 628 1431 680 huis
1440 629 1538 680 assideo

1075 718 1155 781 ajacis
1163 719 1276 780 tumulo,
1290 721 1363 769 tonsa
1378 719 1512 781 cincinnos.

1047 806 1158 857 anlmum
1167 806 1252 858 dolore
1267 807 1359 872 ingenti
1371 821 1504 872 pereussa,
1515 808 1536 858 si
1547 807 1616 873 apud
1627 811 1729 861 uruoos

1074 895 1261 960 dolosoogitans
1272 899 1350 947 Fraus
1363 909 1404 946 me
1412 897 1468 962 plus
1480 897 1564 961 pollet.

1244 1031 1297 1079 llo.
1313 1029 1480 1078 auritium
1495 1029 1625 1080 staoull.

1043 1160 1229 1208 Monumentum
1237 1156 1308 1219 juxta
1319 1159 1448 1209 AEauteum
1458 1159 1580 1222 (Μαρία)
1593 1160 1618 1209 iu
1628 1159 1822 1212 summittere

1075 1246 1294 1311 animum-gravata
1302 1246 1388 1297 Virtus
1399 1246 1520 1298 lamentor
1532 1245 1657 1309 assidens,

1044 1333 1233 1396 abrasa-crines,
1244 1333 1356 1396 sordida,
1367 1335 1426 1397 quia
1437 1348 1466 1385 ex
1478 1334 1573 1397 iudicio
1583 1336 1741 1400 Pelasgorum

1074 1440 1123 1477 non
1136 1426 1223 1477 virtuti
1235 1425 1337 1477 riotoria
1349 1425 1449 1489 obtigit,
1464 1424 1508 1476 sed
1519 1424 1584 1476 dolo.

1043 1520 1118 1567 Arma
1130 1529 1189 1567 reso
1204 1515 1309 1567 dixerim
1323 1515 1422 1571 schitia
1440 1537 1446 1566 :
1463 1533 1477 1561 ι
1494 1515 1634 1566 Maeonium
1654 1514 1739 1579 robur,

1076 1625 1088 1649 a
1102 1618 1150 1655 non
1163 1605 1262 1668 obliqua
1277 1604 1352 1654 rerba
1361 1617 1406 1654 nos
1419 1603 1565 1668 appetimus.
1579 1624 1591 1646 ι

1338 1722 1391 1768 147.
1406 1719 1541 1769 ARCHIAE.

1044 1830 1115 1881 Solus
1127 1833 1258 1893 pereuntes
1270 1832 1435 1894 propugnator
1448 1829 1533 1894 clypeo
1545 1831 1647 1895 tegens,

1075 1918 1192 1969 adseres
1207 1931 1306 1982 gravem
1319 1916 1494 1979 Troianorum,
1510 1917 1587 1980 ajax,
1607 1917 1747 1970 sustinuisti
1764 1933 1832 1971 mar·

1043 2005 1832 2072 nequotesaxorumsubmoritstrepituqnouuubastaoulorum,

1074 2110 1123 2146 ιιοιι
1132 2095 1195 2160 ignis
1204 2133 1211 2157 ,
1220 2108 1270 2145 non
1280 2094 1423 2157 hastarum,
1438 2108 1489 2146 nou
1498 2095 1634 2160 gladiorum
1648 2097 1745 2161 fragor:

1044 2186 1088 2237 sed
1097 2184 1327 2250 itaprominensque
1340 2187 1366 2235 et
1375 2183 1470 2243 tirmus,
1480 2187 1509 2235 rt
1522 2185 1638 2249 soopulus
1647 2185 1744 2249 aliquis,

1075 2276 1156 2334 stans,
1167 2272 1308 2323 sustinuisti
1315 2272 1447 2336 prosettam
1461 2271 1579 2323 hosfium.

1043 2360 1068 2410 si
1081 2373 1141 2410 nero
1153 2362 1179 2410 te
1190 2373 1239 2409 non
1251 2358 1327 2409 armis
1336 2358 1436 2409 Achillis
1449 2358 1569 2410 instruxit
1585 2360 1689 2421 Graeeia,

1074 2448 1175 2513 dignum
1186 2462 1231 2512 pro
1241 2447 1333 2499 virtute
1350 2460 1418 2498 arma
1431 2447 1694 2512 prabensproemium,

1043 2539 1176 2588 Parcarum
1187 2535 1294 2587 oonsiliis
1309 2535 1468 2601 idpeeaarit,
1483 2539 1512 2587 ut
1521 2537 1553 2587 ab
1568 2535 1676 2587 hostium

1074 2625 1155 2685 nullo,
1166 2623 1211 2674 sed
1220 2625 1248 2673 tu
1262 2623 1398 2674 maletum
1412 2636 1512 2687 oaporss
1521 2624 1609 2688 palma.

1754 1830 1831 1897 ilem,

1323 2757 1375 2803 lid.
1400 2761 1560 2803 anonum-

1042 2885 1229 2936 Monumentum
1236 2882 1285 2933 hoo
1293 2880 1523 2948 ljaoisretanonit
1531 2894 1606 2945 quem
1615 2880 1736 2932 interiecit
1743 2884 1831 2946 Paroa,

1073 2973 1152 3037 ipsius
1161 2985 1208 3023 usa
1218 2973 1243 3022 et
1256 2984 1331 3021 manu
1340 2975 1366 3022 et
1378 2970 1467 3036 gladio.

1041 3064 1127 3125 Neque
1137 3060 1203 3112 enlm
1211 3060 1236 3110 in
1247 3059 1393 3110 mortalibus
1406 3057 1503 3124 potuit,
1516 3057 1575 3110 dost
1590 3056 1711 3123 cupierit,

1071 3149 1179 3200 invenire
1192 3147 1280 3199 Clotho
1288 3145 1348 3197 huie
1362 3146 1467 3197 alterium
1478 3157 1657 3210 percussorem,

1222 3282 1273 3328 tls.
1293 3271 1424 3326 LuoaTti
1437 3277 1646 3326 senouasuct.

1038 3411 1109 3461 tacet
1118 3409 1143 3457 in
1154 3409 1226 3472 Troia
1234 3408 1406 3470 Telamonius,
1423 3406 1467 3458 sed
1479 3407 1540 3458 nulli
1554 3409 1638 3458 tamea

1039 3490 1043 3495 ’
1067 3496 1178 3547 hostium
1190 3495 1397 3560 largituslaudern
1409 3509 1462 3546 suo
1473 3495 1558 3547 mortis
1572 3516 1580 3547 ι

1042 3659 1093 3707 Nec
1107 3654 1151 3705 tibi
1165 3654 1212 3704 tela
1225 3654 1296 3713 inter,
1306 3654 1440 3720 gladiique,
1453 3654 1574 3722 hesterque
1587 3663 1714 3718 sonantes,

1074 3740 1229 3803 Flammaque
1244 3753 1299 3787 cnm
1314 3737 1420 3803 lapidum
1431 3738 1496 3787 nube
1511 3739 1597 3789 dedere
1610 3745 1711 3791 metum.

1042 3821 1124 3873 stabas
1135 3821 1258 3888 oppositus
1268 3819 1330 3870 bello
1345 3822 1412 3870 volut
1424 3821 1497 3871 ardua
1510 3839 1597 3889 rupes,

1075 3911 1151 3972 Inque
1164 3916 1230 3956 tuum
1245 3906 1309 3954 renit
1324 3915 1390 3956 tauta
1404 3907 1509 3972 procella
1521 3918 1600 3974 eaput.

1041 3990 1145 4040 Exuvias
1157 3998 1183 4039 at
1194 3989 1213 4038 si
1226 3988 1271 4038 tibi
1283 4004 1332 4037 uon
1344 3988 1435 4055 aptarit
1449 3988 1550 4040 Achillis

1073 4071 1180 4134 Grreoia,
1193 4086 1238 4119 nee
1252 4070 1343 4120 meritis
1355 4069 1459 4119 reddidit
1471 4087 1538 4122 arma
1550 4074 1605 4139 tuis,

1040 4157 1154 4203 Errorem
1167 4151 1233 4201 dedit
1246 4151 1310 4202 huuc
1323 4151 1411 4212 latum,
1422 4168 1453 4201 ne
1464 4151 1526 4202 lorte
1537 4155 1591 4221 quis
1602 4154 1676 4206 hostis

1072 4235 1179 4286 Alierret
1191 4234 1275 4292 linem,
1289 4236 1329 4285 sed
1340 4245 1381 4286 tua
1390 4236 1474 4286 dextra
1484 4236 1536 4286 tibi.

1342 4339 1397 4394 ras.
1414 4353 1529 4396 rucrarr,

1370 4437 1400 4487 de
1412 4437 1503 4490 eodem.

1039 4536 1155 4603 llioAjax
1164 4536 1222 4588 situs
1235 4546 1271 4587 est
1279 4538 1433 4587 Telamonius
1448 4554 1454 4588 :
1469 4538 1541 4603 ipsius
1551 4553 1607 4589 ente

1072 4624 1120 4671 Usa
1132 4636 1251 4687 manuque
1263 4622 1315 4671 riro
1329 4620 1377 4671 lata
1391 4621 1478 4671 dedere
1493 4622 1565 4674 morl.

1039 4705 1222 4756 Interfectoreru
1234 4704 1322 4757 Clotho
1334 4723 1389 4756 cum
1401 4716 1520 4773 quaereret
1533 4707 1585 4769 illi,

1072 4786 1142 4837 Alter
1152 4786 1184 4836 ab
1192 4785 1240 4838 hoe
1248 4787 1373 4839 homiuum
1385 4804 1457 4839 nemo
1469 4797 1579 4856 repertus
1593 4798 1655 4841 erat.

1269 4896 1325 4954 τερ.
1344 4906 1447 4940 urorum
1464 4907 1581 4941 oraroms

1362 4989 1393 5038 de
1406 4988 1497 5041 eodem.

1038 5081 1127 5132 Condit
1141 5082 1228 5135 humus
1241 5087 1372 5138 Telamone
1385 5098 1462 5139 satum
1476 5090 1579 5157 Troiam
1588 5128 1596 5155 ,
1606 5107 1652 5143 nee
1663 5091 1727 5143 nosti

1072 5165 1116 5214 tus
1131 5173 1211 5216 temen
1224 5166 1249 5216 in
1264 5177 1353 5218 tantum
1366 5167 1413 5218 lata
1427 5170 1514 5222 dedere
1527 5189 1621 5225 necem.
