4020 5946
535 358 540 365 ’
611 342 736 404 CAPUT
756 345 818 404 vil.
842 345 1121 409 EPIGRAMMATA
1143 348 1415 412 seruientem,

244 471 373 549 φείδεται,
390 472 458 532 titi
473 477 520 551 μιῇ
538 474 615 534 στάντ’
627 474 712 534 iiim
727 476 853 556 δρεπείνη·

201 558 239 625 ὣς
251 560 296 618 καί
310 558 435 639 Λαέρταο
445 559 500 620 τόδ’
514 560 605 642 ἠρίον,
619 562 634 623 ὃ
649 564 741 643 σχεδὸν
759 567 840 633 ἀκτᾶς

242 649 255 673 ¹
269 647 343 728 βκιδν
352 648 421 720 cino,
434 652 543 730 ψυχρῶν
557 649 674 710 tritaet
687 649 713 719 ίξ
725 655 816 714 ὑετῶν.

201 736 312 812 Οὗνομα
329 735 381 814 μὴν
393 735 477 817 ἥρωος
487 738 528 797 ἀεὶ
540 737 605 797 νίον·
614 741 643 797 οὐ
659 737 710 818 γὰρ
722 739 811 806 ἆοιδδις

243 823 385 897 σἰμδλιίνειν
401 822 477 901 αἰὼν,
490 824 539 897 κῆν
551 824 647 904 terby,
663 826 783 888 δύναται.

343 985 411 1037 226.
434 978 719 1038 instruentes
739 979 866 1039 ΤΗΙΟΥ.

202 1123 337 1202 Ἀόδήρων
350 1124 513 1203 προθανόντα
523 1126 567 1185 τὸν
580 1125 699 1198 (εἰνοδίην
714 1124 849 1206 Ἀγάθωνα

241 1216 305 1271 srdc'
321 1213 366 1271 iat
379 1218 509 1293 πυρκαϊῆς
523 1214 568 1286 ἥδ’
581 1214 675 1286 ἐθόησε
687 1214 769 1281 πολις.

200 1299 243 1362 Οὔ
256 1324 314 1360 τινα
326 1301 377 1380 γὰρ
391 1301 489 1361 τοιόνδε
499 1305 563 1362 νέων
575 1305 590 1361 δ
603 1301 761 1383 φιλαίματος
769 1298 849 1383 Ἄρης

241 1391 365 1470 ἠνοίρισεν
380 1394 509 1471 στυγερῆς
521 1395 547 1450 ἔν
560 1391 731 1472 στροφάλιγγι
743 1390 842 1473 μα’χης.

462 1553 529 1604 227.
551 1546 748 1605 ΔΙΟῚΊΜΟΥ.

200 1688 272 1750 Οὐδὲ
285 1690 351 1748 λε’ων
362 1689 398 1758 ὣς
412 1689 491 1757 δεινὸς
503 1693 529 1750 ἐν
543 1689 660 1769 οὔρεσιν,
679 1692 714 1758 ὡς
728 1694 741 1749 δ
756 1689 876 1757 Μίκωνος

241 1778 295 1845 υίὸς
312 1777 475 1857 Κρινοιγόρης
489 1780 516 1837 ἐν
529 1778 632 1837 σακίων
644 1778 768 1858 πατάγῳ.

203 1869 237 1927 Ei
248 1866 276 1925 δὲ
286 1866 406 1944 κάλυμμ’
417 1867 521 1942 ὀλίγον,
536 1865 574 1943 μὴ
587 1867 698 1947 μέμφεο·
714 1866 804 1945 μικρὸς
816 1869 829 1924 ὁ
840 1869 937 1946 χῶρος,

242 1954 300 2011 ἀλλ’
313 1953 408 2034 ἄνδρας
421 1955 538 2032 πολέμου
549 1955 681 2030 τλήμονας
694 1945 749 2013 οίδε
762 1953 858 2035 φέρειν.

450 2104 513 2163 its.
534 2115 734 2161 nnnsnoron.

200 2248 279 2324 Αὖτῷ
293 2247 339 2306 καί
353 2246 471 2306 τεκίεσσι
484 2248 588 2325 γυναικί
602 2272 630 2306 τε
644 2248 743 2324 eripior
753 2246 856 2324 ἔδειμεν

239 2332 399 2414 Ἀνδροτίων·
413 2332 486 2393 οὔκω
498 2336 521 2391 δ’
535 2334 637 2399 οὐδενός
652 2336 706 2410 εἰμι
717 2337 807 2415 τάφος.

199 2421 280 2481 Οὕτω
294 2423 339 2480 καί
355 2421 475 2498 μείναιμι
486 2419 566 2478 πολδν
579 2421 682 2498 χρόνον·
695 2424 717 2481 εί
733 2423 755 2479 δ’
767 2423 818 2501 οίρα
833 2422 877 2480 καί
890 2424 945 2495 δεῖ,

241 2508 365 2587 δεξαίμην
380 2510 406 2567 ἒν
424 2508 483 2584 ἐμοί
497 2507 555 2574 τοίις
568 2508 708 2589 προτέρους
719 2511 868 2590 προτέρους.

415 2660 772 2720 229.-ΔΙΟΣΚοΡΙΔοΥ.

200 2807 244 2883 Τᾷ
256 2806 359 2884 [Ιιτοίνφ
369 2804 557 2884 Θρασύίουλος
566 2808 608 2865 ἐπ’
622 2806 731 2872 ἀσπίδος
739 2805 833 2879 ἤλοδεν
845 2805 953 2874 ἄπνοος,

241 2891 307 2950 turin
321 2891 385 2970 πρὸς
399 2892 522 2972 Ἀργείων
536 2892 676 2970 τραύματα
691 2892 842 2970 δεξάμενος,

201 2977 300 3045 δεικνὺς
314 2979 390 3038 ἀντία
404 2980 502 3039 πάντα·
520 2981 564 3040 τδν
580 2980 739 3056 αἱματόεντα
756 2983 781 3039 δ’
800 2979 937 3060 ὁπρίσὸυς

240 3068 313 3125 παῖδ’
328 3067 372 3126 tat
383 3069 514 3147 πυρκαϊὴν
529 3069 656 3147 Τύννιχος
668 3059 726 3128 εἶπε
741 3067 827 3137 τιθείς·

202 3182 213 3205 ·
229 3154 316 3214 Δειλοί
330 3155 518 3215 κλαιέσθωσαν·
531 3155 583 3233 ἐγὼ
596 3155 623 3214 di
634 3155 681 3234 σί,
697 3155 803 3233 τέκνον,
815 3155 928 3235 ἄδακρυς

243 3242 333 3321 itui-bin,
346 3241 390 3301 τὸν
402 3243 447 3301 καί
463 3244 526 3319 ἐμὸν
541 3244 586 3301 καί
600 3244 816 3319 Λακεδαιμόνιον.
833 3271 844 3295 ι
871 3242 874 3247 ’

238 3420 246 3433 ‚
338 3401 407 3451 230.
433 3392 599 3452 spinter
623 3392 853 3452 tttztttttttot.

200 3534 287 3597 ‘Avis’
298 3537 350 3596 ἀπὸ
361 3537 493 3614 πτολέμου
506 3537 653 3619 τρίσσαντοί
666 3562 696 3597 σε
710 3538 801 3607 δέξατο
816 3536 922 3618 μοίτηρ,

239 3625 325 3685 πάντα
337 3626 380 3686 τὸν
393 3627 519 3688 ὁπλιστδιν
529 3628 626 3705 κόσμον
640 3626 805 3700 δλωλεκότα,

1066 487 1156 552 paret,
1171 488 1216 540 sed
1224 489 1310 539 etdcm
1319 494 1408 540 cunda
1420 490 1526 542 destruit
1537 491 1600 543 trice
1613 507 1620 537 ι

1036 576 1073 627 sic
1082 579 1212 627 etLaertts
1221 577 1261 627 bic
1272 579 1398 639 tumulus,
1412 579 1455 642 qui
1469 593 1545 644 prope
1556 581 1625 631 littus

1066 665 1195 730 nec-longe
1208 665 1292 726 abest,
1306 666 1398 730 frigidis
1407 666 1511 717 diluitur
1525 667 1557 718 eb
1566 668 1694 719 imbribus.

1035 754 1128 803 Nomen
1136 756 1219 804 temen
1229 753 1311 804 herois
1319 767 1416 818 semper
1426 755 1565 819 juvenescit
1581 769 1648 808 :non
1659 757 1725 808 enim
1733 761 1821 811 cantus

1067 843 1177 896 deterere
1190 848 1259 929 retas3
1276 846 1373 898 etiamsi
1384 847 1503 910 roiuerit,
1516 849 1589 900 valet.

1175 1000 1185 1017 ⁶
1242 997 1618 1049 iid.ANACiiEONTISTE11.
1681 1045 1683 1049 .

1036 1136 1084 1185 Pro
1094 1135 1195 1186 Abderis
1205 1136 1352 1200 pensando
1362 1126 1489 1188 mortuum
1501 1138 1662 1190 tortustmurn
1670 1140 1822 1203 Agathonem

1068 1226 1129 1286 tota,
1140 1224 1200 1274 dum
1209 1225 1373 1287 cremabatur,
1381 1224 1822 1280 beccumciamorerocaritcivites.

1036 1312 1163 1363 Neminem
1176 1313 1242 1363 enirn
1248 1314 1322 1364 tatem
1336 1313 1822 1379 enjurenibusgeudenssanguincbtars

1067 1399 1188 1452 interfecit
1199 1401 1319 1452 luctuosus
1330 1401 1355 1450 in
1363 1401 1463 1452 turbine
1474 1415 1572 1467 pugne.

1325 1547 1379 1592 227.
1396 1545 1528 1595 ΠΙῦΤΙΜΙ.

1035 1693 1118 1744 Neieo
1128 1692 1229 1757 quidem
1242 1694 1278 1744 sic
1291 1694 1408 1745 terribilis
1421 1698 1458 1746 est
1471 1695 1646 1759 tumentibus,
1659 1699 1688 1747 ut
1700 1696 1803 1748 Miconis

1067 1780 1134 1831 tilius
1143 1781 1287 1845 Crinegorss
1300 1782 1326 1831 in
1339 1774 1467 1833 scutorum
1477 1783 1602 1834 condictu.
1695 1796 1699 1801 ·

1034 1869 1060 1918 Si
1071 1883 1131 1920 vero
1151 1871 1265 1935 tegurmn
1284 1871 1454 1936 (sepulcrum)
1472 1884 1590 1934 parvum,
1607 1886 1638 1923 ne
1654 1872 1822 1925 vitio-uertere

1066 1959 1091 2005 at
1103 1956 1170 2007 riros
1178 1970 1268 2023 pugnte
1279 1957 1429 2008 sustinentes
1437 1957 1523 2008 didicit
1537 1958 1609 2009 terre.
1632 1959 1824 2023 [percuriosus

1307 2106 1360 2154 228·
1383 2120 1542 2162 incursu.

1035 2256 1085 2307 Sibi
1095 2257 1210 2320 etpueris
1224 2257 1345 2320 uxorique
1354 2257 1480 2307 tumulum
1497 2260 1587 2309 struxit

1067 2343 1183 2395 Androtio
1192 2344 1316 2395 :nondum
1322 2347 1407 2395 autem
1417 2345 1496 2396 ullius
1505 2359 1597 2397 eorum
1607 2359 1664 2397 sum
1671 2346 1814 2410 sepulcrum

1034 2431 1074 2482 sic
1082 2432 1176 2482 utinam
1184 2435 1210 2483 et
1220 2444 1333 2482 maneum
1343 2432 1402 2483 diui
1416 2434 1437 2483 si
1446 2447 1505 2483 rere
1515 2434 1645 2497 aliquando
1658 2437 1765 2499 oportet,

1065 2523 1161 2587 cupium
1170 2521 1196 2572 in
1207 2535 1248 2572 me
1261 2521 1355 2585 priores
1366 2525 1411 2586 qut
1420 2525 1483 2573 scot
1495 2522 1667 2585 prioresnatu.

1289 2676 1344 2722 229.
1364 2671 1572 2722 bloscomnts.
1655 2662 1658 2667 ”

1035 2816 1147 2865 t’itenam
1158 2812 1327 2876 Thrasybulus
1345 2825 1420 2876 super
1432 2814 1506 2863 scuto
1517 2812 1590 2863 rediit
1605 2813 1737 2876 exanimis,

1065 2907 1159 2966 septem
1170 2901 1304 2966 ubirgivis
1316 2900 1460 2951 vulneribus
1469 2901 1592 2965 acceptis,

1033 2990 1164 3042 ostendens
1178 2989 1281 3041 adverse
1292 2991 1382 3041 οιωοεε
1397 2990 1545 3039 :cruentum
1559 2992 1643 3040 autem
1656 3003 1727 3041 senex

1066 3078 1144 3128 sitium
1153 3091 1228 3142 super
1236 3091 1323 3141 rogum
1332 3090 1427 3141 ponens
1433 3077 1575 3140 Tynnidrus
1589 3077 1650 3128 dixit
1665 3091 1671 3121 τ

1035 3186 1046 3209 «
1060 3165 1143 3230 ignari
1156 3165 1267 3229 lugeent3
1281 3178 1326 3229 ego
1335 3177 1394 3215 roro
1403 3165 1443 3224 te,
1454 3168 1523 3227 nete,
1536 3165 1698 3216 siccisocuiis

1065 3253 1192 3317 sepeliam,
1204 3254 1248 3316 qui
1261 3255 1322 3303 eset
1336 3265 1406 3302 meus
1415 3254 1440 3303 et
1452 3252 1652 3303 Lacedumonios
1675 3275 1687 3298 s

1250 3407 1304 3453 iso.
1324 3403 1430 3452 struit
1450 3403 1603 3452 chtcssttr.

1033 3548 1117 3602 Quum
1128 3557 1143 3594 e
1153 3552 1236 3608 pugna
1249 3540 1429 3607 profugientem
1441 3544 1466 3592 te
1479 3542 1576 3606 excepit
1587 3544 1678 3603 mater,

1066 3636 1120 3683 toto
1132 3644 1259 3682 simorum
1269 3633 1357 3681 crustu
1371 3629 1476 3691 amisso,

928 3768 1032 3781 Ἀ

234 3849 287 3895 Una
297 3845 356 3896 iaice
366 3857 456 3897 metens
467 3849 561 3909 omnio,
574 3848 642 3914 ionga
652 3850 718 3910 dies;

202 3929 272 3977 Nune
283 3945 377 3995 quoque
387 3936 478 3995 Laertes
491 3932 622 3988 tumulum,
636 3932 677 3998 qui
693 3933 774 3982 littore
786 3932 875 3982 ‹iistsm

234 4012 289 4059 Non
302 4013 385 4076 procui
396 4013 470 4062 insani
481 4014 599 4079 spargitur
609 4015 686 4063 imbre
698 4015 779 4064 maris.

203 4094 296 4140 Nomen
306 4101 330 4141 at
340 4091 420 4142 herois
431 4110 526 4159 semper
538 4094 598 4159 riget
612 4112 618 4145 :
631 4096 721 4162 inclyto
733 4106 813 4146 snttrm

235 4172 347 4225 carmine
359 4174 393 4221 ris
402 4174 446 4222 reri
455 4175 540 4223 isedere
550 4176 617 4224 nuiin
626 4185 712 4242 potest.

469 4310 526 4357 nati.
542 4324 716 4359 κακοειοιιτει.

202 4440 264 4486 Cum
275 4452 316 4486 suu
326 4436 450 4488 defensans
460 4440 570 4505 Agathou
581 4441 677 4492 Abdera
687 4441 799 4508 perisset,

237 4518 313 4568 Fleuit
325 4519 355 4568 ud
365 4520 475 4570 ardentes
484 4522 562 4588 patria
573 4531 622 4573 tots
633 4538 701 4588 rogos
712 4538 719 4572 ι

203 4604 265 4651 Num
275 4601 317 4651 tuli
324 4602 437 4668 juvenem
450 4604 540 4655 uirtute
549 4621 577 4655 ee
587 4605 676 4655 robore
686 4621 808 4671 nunquam

235 4689 331 4735 Mavors
342 4686 468 4738 sunmrineu
481 4689 576 4739 sustulit
584 4706 613 4739 ex
623 4690 683 4740 acie.

502 4841 559 4889 ²²7·
580 4842 690 4877 ιιιοτεεει.

204 4959 258 5006 Non
273 4959 357 5026 Libyes
371 4961 396 5010 in
409 4971 492 5011 monte
507 4961 566 5012 iurit
579 4961 632 5023 leo,
643 4961 714 5028 quale
722 4961 825 5012 Miconis

236 5040 391 5107 Crinegores,
400 5044 494 5109 quoties
501 5053 568 5094 scum
578 5044 666 5094 dedere
674 5059 769 5094 sonum.

204 5125 254 5172 Nec
264 5133 289 5173 tu
299 5127 362 5191 qriod
374 5143 460 5193 porrus
471 5128 580 5196 lapithis
593 5129 695 5179 nascere
705 5144 711 5178 ι
723 5142 798 5193 parre

1066 3850 1097 3896 Et
1110 3847 1187 3913 petria
1198 3855 1250 3905 est,
1262 3845 1303 3895 sed
1315 3844 1362 3895 tert
1371 3844 1459 3894 robers
1471 3859 1555 3910 migne
1566 3843 1651 3894 virdun.

1331 4007 1389 4054 aas.
1412 3990 1522 4055 rimari.
1569 4061 1572 4073 Ι

1031 4147 1089 4195 Sum
1101 4144 1191 4193 nuliius
1200 4142 1278 4192 adhuc
1290 4143 1410 4203 tumulus,
1422 4142 1463 4191 scd
1475 4157 1514 4191 me
1525 4140 1584 4203 sibi,
1593 4140 1665 4203 naus,

1065 4228 1142 4277 Uxori
1155 4225 1243 4276 struxit
1254 4225 1366 4290 providus
1377 4224 1506 4273 Androtio.

1032 4313 1063 4358 Et
1076 4323 1184 4358 maneum
1195 4308 1229 4357 sic
1238 4315 1295 4372 opto
1305 4308 1346 4355 diu
1364 4321 1435 4354 :cnm
1447 4321 1496 4353 non
1508 4305 1579 4353 datur
1590 4304 1665 4361 ultra,

1065 4391 1157 4441 Ordine
1171 4389 1296 4449 nascendi,
1307 4387 1409 4453 quilibet
1422 4385 1470 4434 huc
1482 4386 1569 4435 reniet.
1610 4408 1612 4411 ’

1308 4567 1366 4615 ²²9·
1385 4566 1543 4602 prosecutus.

1028 4662 1060 4757 ¹in
1070 4708 1155 4773 clypeo
1166 4705 1274 4755 Pitanem
1282 4702 1445 4769 Thmsibuius
1456 4712 1535 4753 morte
1547 4702 1657 4768 redibat,

1067 4789 1154 4855 Argius
1166 4797 1258 4857 septem
1270 4790 1369 4840 suinera
1378 4789 1439 4838 iectu
1449 4803 1533 4845 munu.

1033 4877 1126 4925 Cuncta
1138 4874 1238 4925 adverse
1250 4869 1328 4922 ierens
1341 4887 1430 4937 :quem
1439 4869 1577 4936 Tyunichus
1589 4869 1639 4935 ipse
1650 4878 1779 4921 cruentum
1812 4920 1815 4929 ,

1067 4958 1183 5024 Ιιογιοειιίι
1197 4955 1311 5014 dammis,
1324 4955 1389 5005 dixit
1396 4964 1421 5004 et
1431 4954 1488 5010 istu,
1501 4963 1588 5020 peter‘.

1033 5042 1161 5092 Piorentur
1170 5040 1263 5103 timidi3
1275 5050 1312 5098 te,
1327 5039 1376 5097 itt,
1390 5039 1465 5088 sicem
1478 5036 1600 5097 humabo,

1067 5128 1129 5175 Tum
1142 5123 1222 5174 deme
1235 5123 1357 5188 genitum,
1373 5129 1424 5170 tum
1437 5118 1640 5170 heodemonium
