3986 5950
166 374 225 433 tois

206 495 363 566 ίξεσόλαξας
378 496 443 572 όλην
457 498 555 576 θόμόεῖ
568 501 723 581 φαντασίην,

164 585 210 645 καλ
224 585 345 667 τρομίισ,
359 587 455 668 κραδίη
470 614 498 649 τε
515 593 585 671 βυθῷ
599 592 768 668 πελεμίζεται
783 592 879 676 οίστριρ
886 638 897 669 ,

204 676 292 755 ψυχῆς
304 673 463 754 πνιγομίνης
475 676 574 754 κύματι
588 678 726 759 κυπριδίῳ.

121 766 140 815 ὅ
165 763 235 824 Ἀλλ’
249 761 296 842 ίμί
311 763 355 824 τθν
370 762 483 842 ναυηγὸν
498 767 540 822 ἐπ’
552 765 672 845 ἠπείροιο
686 769 798 848 φανίντα

205 855 271 932 adst,
284 855 348 911 τεῶν
363 851 477 930 λιμίνων
492 851 574 912 ίνδοθι
588 853 728 931 δεξαμένη.

274 1002 346 1057 236.
368 996 530 1056 ΠΑΥΛΟΥ
550 997 834 1059 assentiamur.

163 1134 219 1198 Ναλ
231 1133 301 1215 τύχα
313 1135 469 1209 Τανταλίης
485 1136 636 1219 Ἀχερόντια
649 1138 761 1216 πήματα
776 1144 867 1212 ποινῆς

201 1226 337 1304 ἡμετέρων
354 1224 442 1306 ἀχέων
457 1224 527 1286 ίστίν
539 1225 711 1307 ἐλαφρότερα.

161 1313 201 1372 Oti
213 1310 265 1392 γὰρ
280 1310 341 1382 ίδῲν
358 1312 403 1372 σίο
416 1310 526 1384 κοίλλος,
541 1313 679 1393 ἅπείργετο
688 1313 779 1396 χείλεα
792 1315 865 1392 μίξαι

200 1399 285 1481 χείλεί
296 1402 335 1481 σῷ
339 1446 348 1476 ,
361 1399 457 1482 ῥοδίων
470 1399 603 1481 ἁθροτέριρ
615 1401 747 1476 καλύκων,

160 1488 298 1557 Τάνταλος
313 1489 517 1569 ἀκριτόδακρυς,
533 1487 726 1570 ὑπερτέλλοντα
741 1490 769 1551 δί
780 1492 875 1568 πίτρον

138 1629 142 1637 .
200 1577 302 1637 δείδιεν·
317 1576 385 1637 eiii
400 1582 486 1637 θανεῖν
502 1577 622 1660 δεύτερον
637 1580 666 1638 οὗ
682 1579 800 1643 δύναται.

159 1666 252 1746 adalp
265 1663 317 1744 ἐγὼ
329 1663 393 1734 (nhc
405 1666 453 1743 piu
468 1664 517 1725 θὼν
533 1666 720 1744 κατατήκομαι
733 1669 845 1750 οἴστρῳ,

199 1754 229 1812 ht
242 1753 266 1811 δ’
280 1753 461 1834 θλιγοδρανίης
475 1754 521 1813 καλ
535 1755 616 1838 μόρον
629 1755 704 1835 tnta
716 1756 780 1836 ἔχω.

160 1904 228 1956 ast.
239 1896 405 1956 artetur
420 1897 637 1958 utpluator
651 1899 941 1960 ΣΧΟΛΑΣΤΙΚΟΥ.

159 2036 255 2096 Πᾶοαν
270 2034 322 2116 ίγιλ
335 2036 384 2110 τὴν
398 2037 479 2098 νύκτα
493 2038 649 2121 κινύρομαι·
664 2030 722 2099 εθτε
737 2039 760 2100 δ’
773 2040 875 2123 tuitus,

198 2124 287 2206 ὄρθρος
301 2128 417 2187 ίλινῦσαι
430 2127 512 2208 μικρθ
526 2127 712 2209 χαριζόμενος,

158 2215 410 2295 ἄμφεπεριπρύζονσι
423 2217 570 2297 χελιδόνες,
584 2219 609 2285 i<
620 2215 649 2276 δί
660 2241 694 2294 με
707 2219 791 2299 δοίκρυ

199 2301 351 2382 βάλλωσιν,
363 2304 488 2385 γλυκερόν
502 2309 582 2383 κῶμα
595 2305 796 2385 παρωσάμενοι.

118 2408 131 2449 ε
157 2387 291 2467 Ὄμματα
309 2391 333 2451 δ’
344 2394 374 2453 ού
385 2392 398 2418 ‘
412 2394 510 2454 λύοντα
524 2393 730 2474 participaturi
745 2393 773 2455 δθ
787 2394 929 2470 Ῥοδοίνθης

198 2469 271 2548 αύθις
282 2483 354 2557 ἐμοῖς
366 2482 481 2562 στίρνοις
494 2482 597 2565 φροντὶς
609 2483 808 2566 ἀναστρέφεται.

156 2559 193 2628 Ὦ
207 2570 329 2651 φθονεραὶ
341 2569 477 2630 παύσασθε
491 2572 658 2653 λαλητρίδες·
673 2575 702 2631 οὐ
718 2572 769 2652 γθρ
783 2572 865 2652 ἔγωγε

195 2657 243 2730 τὴν
258 2658 442 2737 Φιλομηλείην
453 2661 576 2739 γλῶσσαν
591 2661 786 2740 ἆπεθρισᾶμην·

156 2745 214 2806 ἀλλ’
227 2743 333 2808 Ἴτυλον
345 2746 462 2808 κλαίοντε
476 2746 538 2807 κατ’
550 2750 628 2827 οὔρεα
638 2794 646 2822 ,
657 2748 703 2808 καί
716 2749 820 2826 potiusve

115 2846 142 2888 ¹⁰
195 2837 230 2904 είς
244 2833 340 2902 ίποπος
352 2834 470 2917 κραναὴν
485 2827 561 2895 αύλιν
576 2836 747 2916 ἐφεζόμεναι,

154 2921 229 3000 βαιὸν
240 2918 283 2981 ίνα
297 2921 469 3000 κνύσσοιμεν·
484 2923 547 2991 ἴσως
561 2923 591 2984 δέ
606 2948 644 2991 τις
657 2922 713 2996 ἥξει
724 2923 838 3005 ὄνειρος,

193 3007 220 3077 ός
234 3031 267 3087 με
279 3008 455 3077 Ῥοδανθείοις
466 3009 580 3093 πήχεσιν
595 3011 754 3093 ἀμφιόσίλοι.
808 3024 812 3041 ’

272 3160 340 3212 ²88.
362 3154 618 3214 ΜΑΚΗΔΟΝΙΟΥ
646 3154 813 3214 ΥΠΑΤΟΥ.

151 3293 192 3352 Th
207 3291 275 3375 ξίφος
290 3295 321 3354 hs
335 3297 435 3356 κολεοῖο
448 3294 474 3355 τί
485 3295 610 3376 σύρεται;
624 3298 654 3354 ού
667 3294 705 3373 μθ
717 3296 747 3355 σί
756 3336 764 3365 ,
774 3294 875 3375 κούρη,

190 3383 241 3462 οὐχ
251 3381 294 3443 ἵνα
311 3405 337 3443 τι
349 3385 442 3466 πρήξει
456 3385 590 3466 Κύπριδος
602 3387 751 3468 ἀλλότριον,

150 3471 209 3530 ἀλλ’
222 3467 266 3530 ἵνα
281 3494 323 3534 σοι
337 3473 382 3535 τδν
396 3472 498 3556 Ἄρηα,
512 3475 557 3535 καλ
573 3474 682 3546 ἀζαλίον
695 3498 745 3556 περ
758 3474 847 3548 δόντα,

192 3557 268 3626 δείξω
281 3564 315 3639 τῇ
329 3564 438 3641 μαλακῇ
453 3561 569 3643 Κύπριδι
583 3565 748 3641 πειθόμενον.

149 3636 234 3713 Ούτος
249 3648 308 3725 Ιἐμοὶ
322 3649 442 3707 ποθίσντι
454 3651 633 3730 σονέμπορος,
646 3651 705 3709 οὐδὲ
720 3650 868 3728 κατόπτρου

188 3733 313 3810 δεύομοιι,
325 3736 351 3793 δν
364 3736 387 3794 δ’
399 3737 471 3816 αὐτῷ
486 3737 612 3817 δέρκομαι
625 3738 703 3798 αὑτὸν
719 3737 786 3815 ἐγώ·

148 3819 194 3881 καί
207 3820 289 3888 καλὸς
299 3823 335 3889 ὡς
348 3824 375 3881 da
387 3821 477 3901 ίροιτι.
491 3822 530 3884 Σύ
541 3827 564 3882 δ’
579 3821 612 3892 ἢν
623 3824 669 3882 ἀπ’
681 3827 754 3901 ίμεῖο
765 3826 881 3897 λοίθηαι,

442 4014 501 4065 236.
524 4030 644 4063 uusuua.

145 4138 184 4191 ste
196 4156 262 4203 reor,
274 4141 304 4191 ad
317 4141 409 4209 Stygias
421 4157 475 4207 quae
489 4142 535 4193 tert
545 4143 609 4192 mala
618 4143 733 4193 Tantalus
743 4143 827 4200 undas.

179 4224 268 4274 Omnia
278 4234 335 4275 sunt
348 4224 436 4275 ιιοεειίε
449 4224 563 4275 interiora
573 4226 651 4276 malis.

144 4307 206 4355 Nam
219 4306 240 4356 si
254 4315 277 4357 te
289 4307 377 4370 videat,
392 4307 465 4358 labris
480 4317 529 4366 tna,
543 4308 624 4365 credo,
634 4309 727 4358 sinatur

176 4394 284 4456 Tangere
293 4392 371 4455 labra,
384 4393 472 4460 quibus
484 4395 554 4445 cedat
564 4402 589 4443 et
603 4394 655 4461 ipsa
665 4409 729 4453 rosa,

144 4477 258 4526 Tantahts
271 4477 365 4529 infelix.
378 4480 424 4528 Sed
436 4479 467 4529 ab
479 4478 635 4546 impendente
648 4477 754 4545 pavescit

176 4563 247 4626 Rupe
259 4574 265 4609 ι
281 4560 340 4625 quid
352 4559 419 4611 hoc?
430 4562 518 4611 iterum
530 4578 587 4611 nam
595 4561 680 4627 nequit
692 4561 733 4611 ille
744 4561 816 4612 muri.

143 4647 187 4693 Ast
202 4657 244 4707 ego
257 4642 453 4708 perpetuatione
466 4644 580 4709 depascor
595 4643 625 4693 ah
637 4644 701 4708 igne,

176 4729 206 4774 iit
221 4741 285 4775 murs
296 4723 384 4775 athilis
397 4724 487 4774 viribus
502 4727 552 4793 ipsa
567 4743 643 4793 prope
655 4737 700 4777 est.

375 4864 432 4925 ²37·
444 4878 559 4911 εοετιιιιε
574 4879 701 4912 onerosis.

140 4993 219 5043 Nocte
231 5008 320 5059 queror
332 5001 381 5042 tota
398 5008 405 5042 :
420 4992 492 5042 simul
504 5008 532 5041 ac
543 5000 613 5057 caput
632 4991 718 5039 extistit
731 4994 793 5052 lios,

174 5078 205 5124 Et
215 5075 282 5125 refici
293 5076 387 5126 modico
397 5074 506 5125 membra
516 5089 602 5141 sopore
617 5073 692 5135 dedit,

141 5160 253 5224 Undique
266 5159 436 5210 hirundinibus
447 5158 556 5227 properis
571 5158 735 5209 circumsonor
748 5175 754 5209 ι
771 5157 818 5208 ἰίίιε

175 5245 214 5292 Διί
226 5244 343 5311 lacrymas
352 5260 435 5294 somno
446 5260 484 5293 me
497 5243 600 5310 fugiente
612 5252 706 5293 uocant.

737 350 991 447 snrnouocaa
1013 383 1217 448 unauna

1021 517 1176 584 exspuitur
1184 534 1282 573 omnem
1290 522 1420 575 miratione
1433 524 1626 591 mgitatiouem,

989 619 1018 656 ac
1028 608 1108 658 tremo
1117 646 1124 671 ‚
1134 622 1226 674 corque
1236 610 1349 662 funditus
1360 614 1451 664 aestuat
1463 615 1553 678 euno,

1020 695 1101 746 animi
1110 697 1235 750 suffocata
1244 699 1322 751 ductu
1332 713 1445 751 venereo.

989 784 1036 834 Sed
1047 798 1087 836 me
1096 766 1243 852 nautiagnm
1254 787 1280 838 iu
1290 789 1356 839 terra
1368 789 1449 840 risum

1020 885 1100 936 serra,
1109 876 1167 926 tuos
1177 875 1242 928 intra
1249 878 1337 942 portus
1346 876 1474 943 resipiens.

1191 1022 1244 1068 236.
1263 1020 1358 1068 PAULI
1373 1021 1569 1072 SILEN‘I'IARII.

987 1147 1031 1195 Nae
1040 1146 1142 1197 tortasse
1152 1148 1246 1199 Tantali
1261 1149 1409 1201 Acheruntia
1419 1152 1542 1201 tormenta
1554 1166 1633 1216 ponsa

1018 1233 1109 1285 nocuis
1121 1235 1273 1287 nudatihus
1285 1240 1344 1288 aunt
1352 1238 1452 1289 leuiora.

987 1313 1041 1362 Non
1057 1312 1134 1376 euim,
1144 1312 1252 1364 τίεσθαι
1263 1319 1401 1379 venustate,
1413 1320 1588 1382 prohibebatur
1601 1334 1616 1371 a
1631 1319 1707 1372 labris
1723 1322 1771 1372 mi·

1018 1413 1076 1450 curn
1085 1402 1129 1451 tuo
1144 1401 1211 1453 labro
1220 1441 1227 1465 ,
1236 1402 1314 1454 roseis
1326 1404 1450 1468 catyuhus
1461 1408 1617 1471 formosiore,
1665 1407 1772 1472 [mendis

987 1483 1103 1535 Tantalus
1114 1485 1385 1550 perpetuo-lacrimans,
1398 1489 1443 1540 sed
1451 1490 1595 1555 impendens
1608 1505 1696 1543 saxum

1017 1571 1133 1633 timehst3
1145 1574 1215 1638 atum
1223 1575 1313 1626 iterum
1321 1577 1442 1628 morinen
1450 1582 1542 1642 potest.

985 1662 1079 1710 Verum
1088 1673 1133 1727 ego
1141 1662 1215 1714 sirus
1224 1663 1350 1716 dumsum
1358 1679 1490 1717 consumor
1499 1671 1590 1729 cestro,

1016 1752 1079 1800 etex
1090 1748 1318 1833 iutinuitatcletiam
1328 1752 1408 1804 iatum
1417 1755 1526 1806 ricinum
1536 1755 1623 1807 habco.

1080 1912 1135 1958 237.
1146 1909 1297 1960 sustula
1312 1912 1458 1963 MYRINAEI
1473 1915 1686 1968 scitonasttct.

983 2042 1071 2091 Totam
1084 2054 1129 2104 ugo
1139 2054 1183 2105 per
1195 2044 1294 2091 noctem
1303 2042 1382 2105 ejtdo;
1393 2044 1492 2106 quando
1501 2049 1585 2097 autem
1599 2046 1699 2097 advenit

1013 2127 1163 2191 diluculum,
1175 2129 1278 2194 paulum
1289 2131 1442 2194 requiescere
1453 2134 1597 2196 concedens,

984 2215 1226 2269 circum-fritinniunt
1237 2218 1394 2282 hintndincs,
1405 2225 1430 2272 et
1440 2235 1481 2273 me
1491 2222 1517 2272 in
1528 2222 1640 2273 lacrimas

1015 2307 1162 2373 conjiciunt,
1173 2309 1271 2362 dadoem
1279 2325 1391 2376 soporem
1401 2314 1562 2365 excutientes.

983 2398 1064 2459 Atque
1075 2397 1142 2449 oculi
1155 2411 1205 2450 nou
1216 2399 1295 2452 clausi
1303 2402 1334 2465 (t)
1343 2405 1455 2466 manent,
1465 2400 1623 2454 Rhodauthes
1635 2407 1720 2454 antem

1014 2498 1100 2537 rursus
1112 2499 1169 2538 meo
1180 2489 1273 2554 pectori
1287 2490 1401 2555 munao
1412 2491 1565 2544 obversatur.

983 2573 1153 2639 oiuridiosae,
1164 2577 1349 2642 gummarus,
1360 2578 1479 2643 desiuite3
1490 2593 1571 2645 neque
1583 2581 1649 2631 cuim
1660 2594 1706 2645 ego

1014 2661 1156 2717 Philomelae
1164 2665 1275 2732 θοςοευι
1284 2669 1399 2728 exsecui3

983 2752 1127 2817 aeditylum
1138 2753 1249 2807 defleatis
1259 2756 1285 2807 in
1295 2758 1435 2821 montibus,
1449 2773 1478 2810 ac
1490 2759 1658 2810 lamentemini

1011 2854 1101 2907 upupae
1110 2844 1210 2907 petroso
1222 2844 1296 2896 cubili
1307 2846 1456 2911 insidentes,

981 2928 1433 2993 utpardumohdormiamustiortasse
1440 2935 1539 2998 aliquod
1546 2933 1628 2985 veniet
1635 2932 1768 2996 somnium,

1011 3016 1079 3079 quod
1092 3031 1133 3069 mc
1145 3017 1305 3071 Rhodauthes
1316 3020 1423 3073 brachiis
1436 3022 1609 3086 amplectatur.

1159 3187 1214 3235 tss.
1231 3184 1410 3234 mcanontt
1426 3185 1585 3236 CONSULIS.

978 3304 1632 3372 mmevaginacmctuctturraoa,pcrn,vtrgo,
1685 3318 1694 3327 ·

1008 3407 1073 3457 non,
1082 3395 1112 3445 nt
1124 3407 1196 3460 agam
1204 3393 1299 3458 aliquid
1310 3408 1325 3445 a
1335 3395 1441 3460 cypride
1450 3396 1573 3459 alienum,

978 3481 1023 3533 aad
1033 3485 1063 3533 ut
1073 3481 1120 3534 tihl
1129 3485 1234 3534 Mutum
1244 3482 1378 3549 (Ῑοσιειιιε),
1388 3485 1504 3549 mauris
1514 3484 1547 3536 sit
1556 3484 1662 3549 rigidus,

1009 3567 1139 3619 ostendam
1147 3570 1216 3620 molli
1228 3568 1328 3633 cypridi
1337 3569 1554 3634 obtemperantem.

977 3655 1025 3705 ilic
1034 3655 1096 3706 mihi
1106 3657 1198 3708 amanti
1211 3659 1247 3707 est
1261 3658 1466 3720 socius-iuncum
1479 3672 1526 3710 nec
1538 3659 1638 3723 speculo

1009 3742 1120 3808 indigeo,
1131 3744 1176 3798 sod
1185 3744 1211 3794 iu
1223 3757 1253 3794 eo
1263 3757 1304 3795 mc
1318 3744 1400 3809 ipsum
1411 3759 1455 3809 ego
1469 3745 1607 3810 conspicio,

977 3834 1004 3883 et
1013 3831 1137 3883 formosus
1149 3835 1187 3884 esi
1202 3836 1230 3883 nt
1239 3832 1265 3882 iu
1274 3845 1366 3884 amore.
1377 3835 1416 3883 Tu
1425 3847 1485 3884 vero
1494 3834 1515 3885 si
1524 3834 1574 3884 mei
1583 3834 1747 3897 obliviscaris,
1780 3824 1782 3827 ’

978 3996 1080 4046 Garrula
1092 4010 1164 4062 parce
1177 3995 1251 4060 loqui,
1267 4012 1338 4062 parce
1349 3995 1430 4045 invida
1443 4013 1450 4046 ε
1463 4014 1513 4047 non
1527 3995 1666 4048 Philomelae

1010 4081 1052 4126 Est
1065 4076 1185 4143 quondam
1200 4078 1309 4127 manibus
1324 4078 1404 4143 lingua
1416 4088 1506 4129 resecta
1519 4080 1585 4130 meis.

977 4166 1024 4224 ite,
1037 4177 1081 4228 per
1092 4162 1218 4212 umbrosos
1228 4163 1316 4230 itylum
1329 4163 1424 4230 plorate
1435 4179 1549 4223 recessus,

1010 4251 1055 4296 Per
1066 4263 1119 4313 quae
1130 4255 1195 4296 rasta
1207 4246 1269 4296 lenas
1280 4245 1386 4296 eulmina
1396 4255 1475 4295 serrat
1488 4263 1572 4314 epops,

975 4332 1011 4380 Ut
1021 4331 1129 4397 paullum
1141 4330 1246 4380 dormire
1257 4329 1322 4379 sinar
1336 4347 1342 4381 :
1356 4329 1416 4378 mihi
1429 4328 1491 4380 forte
1503 4330 1661 4382 Rhodanthes

973 4452 977 4463 .
1008 4413 1141 4479 Amplexus
1151 4412 1227 4462 suman
1240 4412 1319 4462 mollis
1332 4412 1408 4477 imago
1420 4411 1495 4462 dabit.

1187 4588 1245 4637 238.
1270 4603 1405 4637 uacanoun
1419 4604 1542 4639 conannas.

974 4745 1068 4811 vagina
1078 4747 1168 4812 gladius
1180 4764 1223 4798 cur
1236 4749 1306 4801 exit?
1319 4758 1343 4798 te
1358 4750 1402 4800 tibi
1414 4750 1480 4816 juro,

1006 4830 1062 4878 Non
1076 4845 1118 4894 ego
1130 4838 1158 4879 ut
1168 4829 1292 4895 indiguum
1304 4832 1409 4898 Cypride
1421 4832 1479 4898 qnid
1492 4831 1586 4880 faciam·

973 4913 1019 4962 Sed
1031 4912 1080 4962 tibi
1088 4914 1121 4962 sic
1133 4916 1247 4978 Martem,
1259 4916 1367 4981 quamuis
1383 4926 1436 4966 trux
1451 4916 1493 4966 ille
1506 4914 1618 4979 ferusque
1628 4920 1677 4974 est,

1006 4997 1112 5047 Ostende
1121 4999 1223 5048 Veneris
1232 5000 1313 5050 mollia
1322 5001 1387 5065 jussa
1400 4999 1460 5066 pati.

972 5078 1019 5128 ilic
1030 5094 1118 5140 comm,
1131 5078 1171 5130 hic
1183 5097 1252 5131 usum
1261 5082 1350 5148 speculi
1362 5081 1422 5130 mihi
1429 5079 1521 5148 prebet
1536 5078 1624 5128 amanti

1004 5160 1072 5211 Ensis
1085 5177 1091 5212 :
1106 5160 1130 5211 iu
1144 5161 1191 5212 hoc
1202 5163 1284 5213 uideor
1295 5162 1396 5228 pulcher
1407 5173 1431 5212 et
1443 5162 1493 5228 ipse
1504 5160 1573 5221 milri,

949 5220 955 5297 ί
971 5247 1095 5309 Quantum
1106 5245 1252 5295 sisitAmor.
1263 5244 1320 5306 Sed,
1333 5244 1352 5293 si
1365 5260 1404 5294 me
1417 5242 1516 5305 deseris,
1528 5242 1572 5291 ihit
