3986 5950
209 386 253 437 uu
330 380 334 386 ’

436 533 505 586 208.
523 526 767 588 ΜΕΑΕΑΓΡΟΥ.

207 650 251 713 Οὔ
264 676 309 731 μοι
319 654 485 730 παιδομανὴς
495 655 601 735 κραδία·
610 655 637 715 τί
648 656 676 715 δὲ
686 656 806 737 τερπνδν,
821 656 953 738 Ἔρωτες,

249 735 460 823 ἀνδρούατεῖν;ύ
476 742 513 820 μὴ
526 743 583 812 δούς
593 767 619 804 τι
630 744 722 804 λαάεῖν
736 747 833 820 tudem

210 828 227 887 ἀ
239 830 298 910 χεὶρ
307 829 359 910 γθρ
375 830 423 889 τάν
433 834 519 909 χεῖρα.
534 830 612 891 Καλά
624 855 657 909 με
674 832 746 909 μένει
756 834 923 912 παράκοιτις·

248 916 319 1000 ἔρροι
332 927 383 985 πᾶς
396 917 479 997 ἄρσην
490 921 638 999 ἀρσενικαῖς
652 920 770 982 λαύίσιν.

253 1069 322 1120 209.
337 1061 605 1123 ΠΟΣΕΙΔΙΠΠΟΥ
623 1060 946 1134 ἢΑΣΚΛΗΠίΑΔΟΥ.

205 1194 260 1273 Σῇ,
277 1192 369 1274 Παφίη
383 1194 527 1271 Κυθέρεια,
538 1195 604 1273 παρ’
612 1193 671 1274 ᾐόνι
682 1185 735 1255 ε’ίδε
745 1195 893 1275 Κλέανδρος

246 1282 342 1340 Νικοῖν
360 1282 387 1338 έν
396 1290 523 1361 χαροποῖς
535 1281 634 1359 κύμασι
645 1283 802 1364 νηχομένην·

206 1366 376 1446 καιόμενοςδ
391 1368 435 1426 ὑπ’
449 1365 566 1450 Ἔρωτος
579 1373 617 1432 tvl
627 1373 718 1453 φρεσὶν
733 1370 864 1452 ἄνθρακας
881 1372 952 1452 ὡνὴρ

245 1453 336 1537 ξηροῖς
347 1458 377 1516 ἐκ
389 1462 494 1537 νοτερῆς
505 1458 599 1527 παιδδς
615 1459 795 1521 ἐπεσπάσατο.

205 1546 257 1603 Χώ
269 1543 317 1622 μέν
329 1546 450 1622 έναυάγει
463 1546 540 1623 γαίης
552 1546 606 1605 ἔπι·
619 1547 666 1620 τὴν
678 1546 724 1627 δὲ,
736 1550 871 1621 θαλάσσης

244 1630 392 1711 ψαύουσαν,
406 1644 498 1713 πρηεῖς
515 1633 622 1715 εἴχοσαν
641 1637 768 1711 αἰγιαλοί.

205 1721 260 1780 Νῦν
273 1722 295 1779 δ’
307 1720 362 1789 ἴσος
373 1722 529 1804 ἀμφοτέροις
540 1725 628 1804 φιλίης
638 1725 725 1793 πόθος·
736 1731 783 1785 οὔκ
795 1729 896 1795 ἀτελεῖς
907 1727 960 1808 γάρ

244 1808 320 1888 εὐχαὶ
330 1853 339 1883 ,
354 1809 400 1877 τάς
414 1810 501 1883 κείνης
512 1809 599 1879 εύξατ’
611 1813 653 1870 ἐπ’
662 1812 760 1885 ἠϊόνος.

405 1960 473 2012 210.
499 1954 789 2017 ΑΣΚΛΗΠΙΑΔΟΥ.

199 2078 248 2156 Τῷ
263 2081 366 2160 θαλερῷ
381 2081 486 2159 Διδύμη
499 2107 533 2160 με
545 2087 721 2167 συνήρπασεν·
735 2086 757 2147 ὤ
770 2092 829 2167 μοιί
844 2089 896 2167 ἐγὼ
917 2091 944 2150 δὲ

241 2164 375 2246 τήκομαι,
387 2171 423 2236 ὡς
432 2170 512 2250 κηρὸς
524 2172 579 2252 πάρ
592 2175 672 2254 πυρί,
682 2177 778 2243 κάλλος
791 2181 870 2257 ὁρῶν.

204 2252 236 2312 Ei
245 2251 273 2310 δὲ
285 2250 407 2331 μέλαινα,
418 2256 445 2316 τί
454 2264 547 2337 τοῦτο,
557 2261 603 2319 καὶ
616 2262 751 2344 ἀνθρακες·
759 2266 818 2324 ἀλλ’
830 2265 867 2326 ὅτ’
876 2267 988 2337 ἐκείνους

241 2337 395 2422 θάλψωμεν,
412 2343 546 2423 λάμπουσ’
562 2353 597 2416 ὡς
610 2348 699 2427 ρύδεαι
709 2350 828 2422 κάλυκες.

406 2494 476 2546 211.
501 2488 780 2557 ΙΙΟΣΕΙΔΙΠΠΟΥ.

198 2610 214 2639 ⁴*
224 2613 333 2694 Δάκρυα
343 2616 388 2674 καὶ
401 2620 486 2695 κῶμοι
494 2619 535 2695 ,τί
546 2621 574 2699 μ’
586 2623 713 2702 ἐγείρετε,
722 2625 783 2705 πρὶν
793 2626 876 2697 πόδας
885 2621 947 2709 ἀραι

239 2702 269 2760 έκ
279 2705 376 2783 πυρδς,
397 2708 432 2774 εἷς
445 2708 536 2789 ἑτέρην
552 2710 685 2790 Κύπριδος
695 2707 851 2794 ἀνθρακιιίν,

195 2788 281 2868 Δήγω
299 2792 322 2850 δ’
337 2791 427 2853 οὔποτ’
440 2794 544 2876 ἔρωτος·
559 2801 600 2859 ἀεὶ
614 2801 643 2858 δέ
658 2824 704 2879 μοι
714 2802 741 2872 ἐξ
752 2803 903 2884 Ἀφροδίτης

240 2878 317 2956 ἀλγος
327 2884 341 2938 ὁ
352 2881 389 2957 μὴ
398 2882 493 2964 κρίνων
505 2886 594 2946 καινδν
610 2889 668 2967 ἀγει
680 2914 705 2949 τι
717 2890 803 2958 πόθος.

423 3027 492 3079 212.
511 3021 752 3085 ΜΕΛΕΑΓΡΟΥ.

196 3132 258 3196 Alei
270 3159 315 3210 μοι
328 3138 394 3197 δινεῖ
405 3137 453 3217 μὲν
466 3142 493 3201 έν
503 3140 595 3203 ούασιν
607 3137 673 3226 ἦχος
684 3145 813 3231 Ἔρωτος,

237 3219 312 3298 ὄμμα
324 3222 352 3283 δὲ
362 3227 427 3303 σῖγα
439 3226 534 3294 Πόθοις
543 3229 573 3289 τὸ
585 3233 668 3309 γλυκὺ
680 3236 761 3315 δάκρυ
774 3236 863 3319 φέρει·

195 3307 248 3366 οὐδ’
265 3309 347 3384 lubi,
361 3315 390 3373 ού
405 3315 498 3395 φέγγος
508 3318 649 3396 ἐκοίμισεν,
664 3324 723 3382 ἀλλ’
738 3326 788 3385 ὑπὸ
803 3328 916 3409 φίλτρων

235 3395 287 3470 ἤδη
298 3422 349 3458 που
361 3403 457 3485 κραδίᾳ
472 3408 586 3482 γνωστδς
600 3408 686 3471 ἔνεστι
695 3411 785 3483 τύπος.

195 3473 232 3542 Ὦ
246 3488 339 3547 πτανοὶ
349 3535 357 3565 ,
367 3488 405 3567 μὴ
420 3492 466 3551 καί
479 3499 539 3553 ποτ’
552 3495 711 3577 ἐφίπτασθαι
721 3502 785 3582 μὲν,
797 3500 929 3587 Ἔρωτες,

234 3571 331 3647 οἴδατ’,
345 3579 495 3651 ἀποπτῆναι
510 3584 534 3641 δ’
548 3585 602 3643 οὐδ’
612 3585 671 3648 ὅσον
682 3591 801 3669 ίσχύετε;

399 3720 469 3770 212.
494 3715 771 3784 nummatior.

772 395 1028 459 ANTHOLOGIAE
1049 396 1254 459 PAIATINAE

1316 543 1557 612 mensunusum.
1705 588 1827 654 [mm

1039 670 1093 719 Non
1113 669 1175 720 milri
1191 670 1432 735 inpueruniiuioss
1444 688 1516 727 mens
1530 676 1576 725 eri.
1592 673 1660 734 Quid
1669 675 1826 741 inmundum,

1070 755 1326 812 virum-inscendere?
1339 776 1371 813 nn
1381 776 1433 814 non
1458 762 1520 814 dens
1536 763 1631 829 eliquid
1643 777 1742 816 sumere
1755 765 1827 817 uult?

1039 847 1128 898 lienus
1140 847 1206 898 enim
1217 862 1319 900 manum
1328 850 1411 904 ravat.
1429 852 1536 903 Pulchra
1547 866 1588 904 me
1600 855 1684 904 munet
1694 867 1759 904 usur
1771 873 1780 904 ι

1071 933 1422 992 abent-inmelnmremnmnis
1430 954 1550 993 meseum
1559 941 1825 1008 munnulisiureipibus.

1177 1073 1231 1119 209.
1246 1068 1404 1122 uoslulrlu
1414 1071 1455 1122 vel
1470 1073 1682 1124 ASOLEPIADAE.

1038 1180 1129 1242 Tuum,
1140 1181 1232 1246 Paphie
1243 1183 1373 1248 emineres,
1387 1198 1464 1251 prope
1477 1186 1538 1238 litus
1548 1186 1669 1239 Cleander
1679 1187 1743 1240 ridit

1069 1268 1185 1320 Ninonem
1194 1270 1318 1335 puellum
1331 1273 1357 1324 in
1369 1274 1482 1326 naerudeis
1494 1275 1612 1329 ilunt'sbus
1626 1280 1767 1337 ustuntem3

1036 1354 1154 1409 incensus
1164 1362 1248 1411 eutem
1260 1360 1292 1410 nb
1305 1365 1394 1413 Amore
1406 1362 1433 1412 in
1442 1363 1523 1414 uniruu
1533 1364 1652 1415 carbones
1663 1365 1702 1416 uir

1066 1444 1563 1514 uoensexuumiuapuulam-setrsxtt.
1748 1454 1826 1519 [mure

1037 1533 1068 1583 ut
1080 1533 1121 1585 iile
1132 1535 1233 1599 quidem
1245 1537 1519 1602 naufragium-incubet
1527 1540 1554 1590 in
1566 1542 1648 1603 terru3
1663 1542 1730 1593 illum
1748 1556 1823 1611 reru,

1066 1622 1216 1686 ungentem,
1230 1625 1316 1676 molles
1325 1625 1449 1678 habebunt
1461 1641 1520 1680 urm.

1036 1710 1107 1759 Nunc
1116 1722 1162 1774 pur
1174 1711 1295 1764 ambobus
1311 1714 1426 1766 amicitie
1437 1719 1551 1780 optutum
1564 1717 1671 1783 equippe
1686 1733 1736 1770 nun
1749 1720 1824 1772 irritu

1066 1810 1161 1861 preces,
1173 1812 1236 1863 quus
1247 1800 1289 1852 illo
1300 1804 1416 1865 prerutus
1425 1806 1479 1854 erat
1490 1804 1515 1854 in
1525 1805 1604 1857 litore.

1282 1965 1337 2011 210.
1355 1964 1566 2016 ASCLEPIADAE.

1034 2086 1105 2138 Flere
1114 2101 1161 2138 sun
1172 2089 1276 2153 Didyme
1284 2105 1326 2142 me
1337 2094 1437 2156 rapuit:
1448 2107 1488 2146 re
1499 2095 1577 2147 mihil
1589 2110 1684 2163 egoque

1064 2175 1154 2240 liquor,
1167 2180 1197 2230 ut
1208 2191 1265 2230 nera
1276 2179 1308 2230 nd
1317 2180 1398 2245 ignem
1409 2221 1416 2244 ‚
1428 2187 1560 2237 venustate
1570 2188 1632 2238 vird
1657 2186 1768 2253 [ηυυιιᾱο
1779 2203 1822 2241 eus

1033 2263 1129 2315 Sirero
1143 2265 1212 2330 nigre
1228 2270 1282 2330 est,
1303 2269 1364 2333 quid
1375 2268 1441 2321 hue?
1456 2272 1530 2323 etium
1543 2274 1663 2327 carbones
1679 2280 1756 2343 ενοι,-
1777 2278 1821 2330 sed

1064 2344 1235 2419 unicissimus,
1250 2356 1380 2420 splendent
1391 2362 1421 2410 ut
1433 2374 1512 2412 rosere
1525 2362 1629 2426 educes.

1308 2502 1361 2549 211.
1381 2502 1544 2553 POSIDIPPI.

1031 2634 1153 2686 innume
1161 2638 1187 2686 et
1199 2637 1383 2692 comissationes
1393 2680 1400 2704 ,
1412 2643 1474 2707 quid
1484 2658 1525 2695 me
1535 2645 1662 2711 excitatis,
1675 2649 1819 2714 priusquam
1918 2618 1924 2625 .

1063 2734 1093 2771 ex
1109 2723 1172 2786 igne,
1184 2721 1211 2774 in
1220 2723 1297 2776 ulium
1308 2729 1428 2792 cypridns
1436 2732 1564 2786 luculum?
1575 2734 1665 2799 [pudes
1678 2739 1820 2790 sustulerim

1031 2809 1141 2861 cessabo
1151 2826 1278 2877 nunquam
1289 2816 1429 2879 eir-emure3
1443 2822 1489 2873 sed
1501 2836 1598 2889 semper
1610 2826 1671 2876 milri
1683 2841 1714 2878 ex
1725 2831 1819 2881 Veners

1062 2896 1172 2950 delorem
1189 2914 1238 2950 nnn
1248 2901 1390 2955 discernens
1400 2920 1470 2959 amur
1481 2924 1575 2962 nurum
1586 2912 1688 2966 uddunit
1701 2916 1816 2980 aliquem.

1312 3053 1368 3101 212.
1382 3053 1551 3108 murem.
1658 3114 1660 3118 Α

1029 3176 1132 3239 Semper
1142 3176 1203 3228 mihi
1214 3182 1329 3231 uersatum
1341 3182 1482 3237 inauribus
1497 3200 1573 3240 eunus
1588 3192 1692 3255 Amoris,

1060 3263 1150 3316 oculus
1165 3269 1250 3319 sutem
1260 3270 1335 3321 tacite
1349 3273 1482 3326 Desideriis
1497 3275 1596 3329 dulcem
1611 3279 1738 3332 lacrimem
1753 3282 1814 3343 iert;

1027 3362 1110 3413 neque
1121 3366 1180 3417 nux,
1192 3368 1242 3407 nun
1253 3356 1298 3407 lux
1309 3360 1386 3423 eupit,
1401 3361 1446 3412 sed
1456 3363 1554 3427 philtris

1055 3438 1108 3499 jum
1121 3441 1171 3492 iere
1185 3444 1254 3495 cordi
1265 3448 1324 3497 nuta
1337 3447 1402 3500 inest
1413 3450 1500 3517 lrnugn.

1028 3528 1117 3580 ouleti
1131 3531 1274 3596 cupidines,
1283 3548 1316 3586 un
1331 3537 1394 3589 sorte
1404 3538 1519 3591 advolare
1527 3542 1628 3606 quidem

1060 3616 1144 3680 scitis,
1161 3622 1259 3674 evolare
1271 3636 1330 3674 veru
1340 3638 1371 3676 ue
1381 3627 1506 3678 tantulum
1517 3630 1619 3693 quidem
1634 3633 1736 3686 ruetis?

1302 3770 1357 3817 213.
1376 3769 1538 3823 uosmirpl.

188 3832 302 3909 Πυθιὰς,
314 3837 337 3894 εἰ
347 3836 394 3915 μὶν
406 3836 461 3919 ἔχει
473 3846 535 3917 τιν’,
551 3846 711 3928 ἀπέρχομαι·
725 3855 748 3911 εἰ
765 3853 793 3913 δὲ
807 3856 929 3917 καθεύδει
1026 3873 1139 3937 Pythias,
1151 3875 1173 3925 si
1183 3876 1284 3940 quidem
1295 3877 1369 3930 habet
1380 3881 1496 3965 aliquem,
1513 3884 1588 3947 nbe03
1606 3887 1629 3938 si
1647 3902 1706 3939 νοτο
1722 3890 1814 3943 dormit

208 3953 1810 4021 -ᾺἉ--ἏἿ--ᾱ

378 4041 435 4091 209.
445 4044 567 4082 nortuum
579 4033 623 4083 ’θθί
630 4052 791 4093 ΜΩΙΜΙΑΜ.

192 4150 266 4202 Ninus
279 4152 342 4205 forte
352 4172 424 4222 genus
437 4175 524 4228 nuper,
536 4165 665 4232 Cytheren,
677 4171 794 4223 Cleander

224 4233 326 4286 Viderat
340 4254 347 4288 r
361 4237 387 4289 in
405 4241 500 4308 Puphiis
514 4244 556 4296 iliu
568 4249 666 4301 uetabat
677 4254 767 4318 aquis:

191 4318 222 4365 Et
232 4316 313 4368 subito
330 4321 403 4373 sirene
411 4325 486 4377 sensit
500 4328 545 4378 sub
560 4342 658 4397 pectore
667 4351 766 4402 prunas,

224 4397 322 4466 Virgine
329 4403 359 4452 de
374 4407 468 4457 mndidn
479 4411 646 4477 quusjeciehnt
658 4420 744 4472 Amor.

190 4479 324 4549 Naufragus
335 4484 362 4534 iu
376 4493 442 4539 terre
457 4489 502 4541 luit
513 4490 563 4556 hin,
576 4511 631 4547 num
642 4498 676 4549 sie
684 4515 751 4552 mure
763 4502 830 4570 uirgo

223 4563 351 4630 Temperet,
361 4577 388 4617 υι
396 4571 487 4635 pariter
498 4572 581 4626 littore
590 4584 642 4629 tutu
655 4579 727 4634 iuret.

188 4646 261 4697 Nunc
270 4646 324 4697 ilios
335 4653 467 4704 eommunis
478 4671 548 4707 emur
561 4659 619 4726 liget
631 4678 638 4712 ι
648 4664 718 4716 irrite
726 4668 817 4736 quippe

223 4729 281 4779 Nou
292 4728 387 4782 fuerent
396 4733 439 4784 illo
447 4746 503 4787 unte
512 4751 605 4793 merula
617 4744 680 4796 luco.

466 4889 523 4924 210·
536 4894 698 4933 immundum.

187 4988 262 5039 Flore
272 5006 316 5040 suu
327 4993 430 5060 Didyme
444 5012 483 5047 me
491 5002 585 5066 surpuit
597 5019 604 5053 :
617 5004 673 5055 inde
683 5022 726 5071 ego
737 5017 801 5061 totus

224 5071 325 5138 Liquor‚
338 5084 365 5126 ut
377 5080 481 5131 accensis
492 5082 573 5133 addin
584 5101 639 5137 cern
651 5087 718 5141 focis.

94 5212 98 5217 Ι
188 5151 263 5219 Nigra
272 5157 314 5206 sed
328 5166 373 5211 esi.
384 5162 449 5227 Quid
464 5171 534 5217 tum?
545 5168 619 5220 curbo
631 5188 736 5241 quoque.
749 5177 774 5228 Si
783 5187 864 5232 tumen
874 5182 929 5249 igne

1058 4037 1130 4083 Hunc
1139 4034 1228 4100 ίονοοε,
1240 4040 1314 4089 roseis
1328 4044 1442 4093 ουιιουΙοτ
1454 4054 1490 4095 est
1502 4045 1574 4099 tuliis.

1308 4193 1366 4228 211.
1385 4195 1521 4233 POSIDIPH.
1622 4174 1626 4179 ᾖ

1024 4281 1046 4326 0
1057 4277 1136 4344 jocus,
1148 4281 1253 4346 ussetus,
1266 4286 1327 4338 mihi
1342 4305 1394 4353 nur,
1407 4306 1462 4341 cunr
1472 4310 1515 4360 pes
1527 4294 1558 4345 sit
1570 4295 1595 4345 in
1607 4296 1662 4363 igne

1058 4362 1146 4412 Noster
1156 4363 1244 4426 adhue,
1257 4366 1366 4420 flammas
1379 4372 1466 4424 additis
1475 4376 1547 4427 umbo
1557 4383 1650 4431 nurus?

1024 4446 1066 4494 Me
1077 4449 1159 4498 Venus
1174 4461 1271 4502 exercet
1281 4469 1394 4521 semper:
1404 4460 1510 4510 succedit
1519 4463 1595 4513 emori

1055 4530 1125 4582 Ilicet
1139 4549 1169 4584 ex
1181 4551 1250 4587 curun
1261 4539 1370 4604 qualibet
1381 4552 1448 4594 ortus
1457 4560 1535 4596 umor.

1296 4688 1354 4725 m.
1373 4693 1509 4731 uuunder.
1549 4714 1552 4723 ι

1021 4773 1121 4839 Semper
1130 4775 1155 4824 ln
1169 4793 1228 4828 nure
1240 4780 1300 4830 mihi
1312 4798 1384 4834 sonus
1394 4786 1536 4839 obuersatur
1545 4791 1653 4843 urnurisr

1053 4854 1169 4923 Clumque
1178 4859 1214 4909 illi
1225 4861 1341 4930 lacrymas
1352 4866 1443 4919 luminu
1454 4881 1537 4921 nostre
1549 4871 1639 4925 lentur.

1022 4938 1077 4986 Non
1092 4941 1207 5006 tenebris,
1220 4961 1269 4996 nou
1283 4946 1337 4998 luce
1348 4950 1417 5015 quies
1428 4953 1494 5003 venit
1510 4968 1517 5002 ε
1530 4955 1603 5006 erden
1613 4966 1707 5010 tentum

1054 5023 1120 5074 Picta
1132 5026 1163 5076 sit
1173 5037 1200 5077 ut
1211 5029 1312 5081 dominae
1323 5035 1396 5084 corde
1406 5035 1481 5101 figure
1494 5053 1557 5090 meo.

1021 5109 1120 5158 Penuati
1133 5113 1202 5176 pueri
1214 5114 1275 5165 mihi
1286 5116 1358 5167 dicite
1376 5121 1496 5187 Cypridis,
1506 5122 1536 5171 ud
1552 5138 1596 5175 nos

1054 5192 1094 5238 ire
1111 5191 1168 5243 licet
1185 5195 1262 5260 uobis,
1276 5214 1326 5249 uon
1338 5209 1363 5249 et
1377 5201 1446 5253 ubire
1457 5203 1532 5255 iicet?
