3970 5944
593 425 719 487 CAPUT
738 426 801 487 Vll.
824 426 1105 490 EPIGRAMMATA
1129 431 1401 495 SEPULCRALIA.
1745 443 1803 502 405

192 557 280 615 titt
299 554 347 631 μέν
369 556 449 617 lienus
469 557 538 637 έχων
554 558 600 617 καλ
621 558 766 637 θαρσαλέον
788 558 875 627 σθένος
892 559 976 635 ήθης,
1021 568 1602 640 sedirioquidemequumhabcnsetiurparidum
1609 578 1805 642 mburjuuentm,

233 645 342 714 Γέσσιος
356 646 414 707 οὐδέ
428 646 517 727 χέσειν
529 646 632 708 εὔτονον
645 639 710 729 ήτορ
725 647 804 730 έχων.

450 804 513 856 884.
531 806 593 852 ΤΟΥ
609 805 716 855 ΑΥΤΟΥ.

191 929 294 1001 Μηδεὶς
307 931 408 1011 ζητήσῃ
422 931 544 1010 μερόπων
555 933 619 990 ποτέ
635 931 680 991 καλ
696 932 750 999 θεὸς
763 923 844 1011 εἶναι,

232 1018 295 1092 μηδ’
309 1018 393 1098 ἀρχὴν
408 1018 525 1096 μεγόλην
533 1062 543 1093 ,
557 1019 658 1097 κόμπον
673 1020 844 1101 θπερρέαλον.

192 1102 300 1172 Γέσσιος
315 1104 391 1172 αὗτδς
404 1106 498 1176 ἔδειξε·
508 1108 659 1188 κατηνέχθη
673 1106 724 1189 γδρ
734 1108 872 1189 ἐπαρθεὶς,

230 1197 326 1266 θνητῆς
336 1193 458 1275 εὐτυχίης
472 1197 566 1274 μηκέτ’
582 1196 772 1277 ἀνασχόμενος.

449 1349 512 1402 685.
529 1353 588 1400 ΤΟΥ
605 1353 712 1400 ΑΥΤΟΥ.

191 1481 285 1548 Ζητῶν
297 1476 397 1559 ἐξεῦρες
409 1478 497 1557 βιότου
510 1477 582 1544 τέλος
596 1478 716 1557 εὐτυχίης
729 1502 774 1550 τε,

230 1565 315 1646 ἀρχὴν
329 1566 445 1639 ζητήσας
456 1566 522 1646 πρδς
536 1566 610 1633 τέλος
625 1566 780 1646 ἐρχομένην.

189 1653 261 1714 Ἀλλ’
277 1654 367 1734 ἔτυχες
380 1658 472 1732 τιμῆς,
487 1643 631 1728 ιθΓέσσιε,
643 1655 689 1715 καὶ
701 1653 768 1731 μετὰ
779 1664 873 1736 μοῖραν
918 1684 930 1703 ·

229 1740 349 1818 ου’μθολα
359 1746 406 1815 τῆς
416 1746 499 1823 ἀρχῆς
508 1740 609 1801 ὕστατα
623 1739 770 1819 δεξόμενος.

454 1899 517 1951 886.
531 1901 590 1947 ΤΟΥ
611 1901 720 1949 ΑΥΤΟΥ.

189 2029 299 2088 Γέσσιον
314 2030 348 2094 ὡς
362 2025 467 2101 ένόησεν
481 2022 645 2094 θΒαύκαλος
659 2025 718 2106 ἄρτι
733 2027 843 2085 θανόντα

227 2115 377 2197 χωλεύοντα
391 2115 487 2192 πλέον,
498 2120 567 2176 τοῖον
579 2115 664 2184 ἔλεξεν
677 2114 750 2182 ἔπος·

188 2233 200 2259 ι
222 2205 331 2277 Γέσσιε,
342 2208 415 2281 πῶς,
431 2205 457 2263 τέ
468 2206 560 2263 παθὼν
580 2204 695 2275 κατέθης
711 2202 789 2280 δόμον
799 2202 884 2270 Ἀἵδος
896 2203 958 2262 εἴσω

228 2321 240 2346 α
261 2295 373 2371 γυμνδς,
387 2293 543 2364 ἀκήδεστος,
552 2292 672 2372 σχήματι
681 2292 871 2371 κοινοτέρως»

186 2380 240 2441 Tou
253 2382 280 2438 δέ
295 2381 352 2457 μέγ’
367 2382 484 2458 ὀχθήσας
496 2381 613 2460 προσέφη
628 2380 672 2439 καλ
691 2380 797 2445 Γέσσιος
809 2380 897 2448 εὐθύς·

229 2496 240 2519 ¹«
265 2468 404 2541 Βσόκαλε,
416 2469 445 2527 τὸ
461 2474 569 2548 στρῆνος
581 2469 626 2526 καλ
639 2470 748 2526 θάνατον
760 2467 872 2546 παρέχει
886 2494 909 2527 ν.

444 2623 507 2675 687.
529 2627 590 2671 ΤΟΥ
607 2626 713 2673 ΑΥΤΟΥ.

186 2753 243 2825 Τὴν
258 2752 447 2829 Ἀμμωνιακήν
461 2750 565 2824 ἀπάτην
577 2750 620 2811 ότε
631 2750 739 2817 Γέσσιος
754 2751 820 2827 ἔγνω

226 2846 271 2900 τοῦ
287 2839 387 2909 ξενικοῦ
398 2839 511 2898 θανᾶτου
527 2839 634 2920 ἐγγύθεν
645 2838 801 2919 ἐρχόμενος,

186 2930 234 2997 τὴν
249 2927 317 2987 ἰδέαν
331 2927 439 3004 γνώμην
449 2926 653 3010 κατεμέμψατο,
668 2927 713 2986 καλ
726 2927 756 2986 τδ
766 2924 889 3003 μάθημα,

226 3015 272 3075 καλ
286 3015 344 3082 τοὺς
356 3013 522 3092 πειθομένους
538 3014 706 3094 ἀστρολόγοις
722 3016 833 3093 ἀλόγοις.

441 3168 505 3219 688.
524 3171 584 3217 ΤΟΥ
603 3171 709 3215 ΑΥΤΟΥ.

183 3288 222 3356 'Oi
237 3294 282 3353 δύο
294 3292 451 3372 Κόλχοντες
466 3292 509 3352 τδν
525 3293 633 3353 Γέσσιον
648 3292 749 3353 ὤλεσαν
759 3293 860 3372 ὅρκοις,

224 3385 277 3441 τῶν
291 3382 413 3460 μεγάλων
424 3380 531 3441 ὑπάτων
548 3385 631 3441 θῶκον
645 3381 831 3461 ὑποσχόμενοι.

186 3458 224 3531 ³st
239 3471 311 3549 γένος
325 3469 469 3551 ἀνθρώπων
484 3470 644 3547 ἀνεμώλιον,
656 3471 848 3550 αὖτοχολωτον,

226 3560 289 3642 ἄχρι
299 3561 388 3627 τελους
402 3559 489 3639 βιότου
504 3558 587 3638 μηδέν
600 3559 784 3635 ἐπιστάμενον.

184 3780 223 3831 ste
235 3788 259 3828 et
269 3779 372 3828 sidereas
381 3778 513 3828 studiosum
525 3777 615 3827 discere
625 3776 687 3842 leges

217 3869 316 3928 Pegasus
328 3863 395 3912 illisit
403 3860 590 3929 Bellerophonti
601 3862 661 3911 solo.

185 3946 231 3996 llle
242 3955 323 3995 tamen
334 3944 423 3995 fidebat
435 3960 512 4011 equo,
525 3942 641 4009 uiridique
649 3943 749 4008 juventa
763 3959 770 3992 ι

216 4033 254 4079 Tu
265 4045 310 4079 neo
326 4028 355 4078 ad
364 4038 469 4094 egestum
481 4037 531 4091 sut,
544 4037 615 4094 puto,
625 4027 703 4078 cordis
717 4026 799 4076 habes.

476 4170 535 4225 684.
554 4185 672 4224 rausum,

497 4283 528 4333 de
545 4283 636 4334 eodem.

183 4425 261 4473 Nemo
275 4430 344 4470 uatus
355 4419 429 4473 homo
440 4418 540 4486 posthac
554 4420 612 4469 deus
625 4436 675 4469 esse
687 4422 807 4487 cupisset,

216 4508 312 4556 Summa
323 4519 368 4554 nec
379 4504 410 4553 ad
421 4519 501 4553 rerum
514 4503 618 4553 culmina
633 4519 706 4553 vanus
716 4502 776 4554 hiet.

182 4590 277 4641 Gessius
290 4587 399 4654 exemplo
411 4595 454 4651 ost,
465 4588 568 4653 grauiter
580 4588 621 4653 qui
634 4588 712 4654 lapsus
724 4586 755 4637 ab
766 4588 816 4637 alto

216 4678 322 4725 Fortuna
335 4671 423 4722 retinet
431 4672 461 4721 de
474 4671 573 4721 meliore
587 4670 657 4720 nihil.

479 4810 539 4860 686.
553 4825 668 4868 nusum,

507 4927 538 4976 do
553 4926 644 4977 eodem.

181 5064 237 5114 Plus
246 5063 317 5113 solito
326 5061 424 5112 claudus
436 5078 492 5112 euna
505 5063 601 5113 Gessius
613 5061 691 5128 attigit
700 5065 791 5113 Orcum
798 5100 807 5126 ,

214 5144 283 5196 nidis
295 5154 319 5195 ει
331 5143 376 5194 hos
388 5143 450 5195 iardit
460 5145 576 5197 ΒεσσιΙιιε
587 5160 630 5196 ore
642 5160 713 5196 sonos
726 5162 733 5198 τ

185 5229 256 5279 Unde
266 5228 331 5296 quod
343 5244 368 5279 es
379 5229 474 5295 nudus,
489 5230 575 5281 Gessii
586 5244 630 5280 cur
644 5227 721 5280 forma
732 5226 853 5296 sepulchri

1052 660 1154 710 Gessius
1174 660 1252 711 need
1266 661 1399 713 cacandauu
1416 665 1517 727 quidem
1529 680 1635 730 gnarum
1649 682 1691 718 cor
1704 668 1804 719 habens.

1293 805 1348 853 684.
1371 814 1524 858 EJUSDBM.

1019 939 1055 988 lie
1068 938 1125 1002 quis
1140 946 1235 1004 quaerat
1245 942 1373 995 hominum
1384 959 1493 1009 unquam
1503 949 1528 996 et
1539 945 1601 997 deus
1613 961 1678 1007 esse,

1050 1041 1130 1091 noque
1143 1032 1292 1093 potestatem
1306 1047 1432 1099 magnam,
1443 1035 1608 1098 jactationem⁴
1617 1035 1756 1099 superbam.
1802 1084 1805 1087 .

1020 1116 1120 1166 Gessius
1128 1118 1179 1181 ipse
1190 1119 1402 1172 documento-luit
1414 1137 1419 1164 =
1431 1122 1593 1186 dejectus-est
1605 1123 1740 1175 enirnoule
1751 1126 1801 1175 ela

1050 1207 1178 1256 mortalem
1190 1208 1330 1259 felicitatem
1339 1213 1391 1274 jem
1404 1225 1452 1260 non
1469 1212 1557 1261 serens.
1655 1246 1659 1255 .
1738 1212 1788 1276 [tus

1299 1349 1354 1395 685.
1377 1355 1522 1397 EJUSDBM·

1018 1481 1138 1537 Querens
1150 1480 1263 1532 invenisti
1274 1481 1332 1532 nitas
1342 1484 1416 1534 linem
1427 1483 1612 1548 felicitatisque,
1685 1485 1790 1550 [dentem

1049 1573 1197 1632 potestatem
1211 1574 1426 1637 quum-quaerebas
1444 1574 1476 1624 sd
1489 1574 1563 1625 irnorn
1576 1576 1734 1637 (ειιιιιιιιιιιιι)
1752 1578 1792 1627 teu

1018 1657 1066 1707 Sed
1080 1662 1210 1711 uectus-os
1224 1661 1356 1724 honorem,
1371 1677 1388 1711 ο
1401 1664 1485 1723 Gessi,
1498 1664 1572 1713 etiarn
1587 1668 1643 1727 post
1657 1664 1735 1715 saturn

1049 1747 1180 1810 potestatis
1192 1749 1296 1814 insignia
1309 1756 1416 1802 extrerue
1432 1751 1544 1815 adeptus.

1296 1901 1350 1945 886.
1373 1906 1522 1947 EIUSDEM·

1018 2031 1133 2083 Gessium
1147 2034 1175 2083 ut
1187 2032 1249 2083 uidit
1263 2034 1385 2085 ltauoalus
1397 2048 1476 2099 nuper
1490 2039 1615 2086 mortuum

1049 2119 1228 2172 claudicantem
1240 2122 1332 2186 magis,
1345 2124 1420 2173 talem
1431 2124 1493 2175 dixit
1506 2138 1592 2175 vocem
1609 2147 1614 2174 :
1679 2126 1801 2189 [Plutonis.

1018 2228 1030 2252 ο
1044 2210 1127 2269 (ἱστοὶ,
1147 2209 1287 2273 quomodo,
1303 2210 1363 2273 quid
1381 2225 1471 2274 pessus
1489 2211 1638 2262 descendisti
1658 2214 1683 2263 in
1701 2215 1800 2265 domum

1049 2318 1061 2340 ι
1074 2297 1173 2359 nudus,
1186 2297 1324 2362 neglectus,
1340 2295 1425 2348 habitu
1440 2300 1701 2363 novomodosepulti?
1715 2323 1725 2343 »ι

1017 2388 1088 2435 Ηυοο
1103 2389 1186 2436 sutem
1198 2385 1270 2436 valde
1287 2385 1414 2449 indigimus
1426 2387 1599 2438 allocutus-est
1618 2391 1642 2439 st
1657 2389 1758 2439 (lessius
1771 2389 1801 2439 il·

1050 2493 1062 2516 «
1077 2475 1194 2534 Baucale‚
1209 2476 1287 2525 lastus
1300 2474 1374 2524 otiam
1386 2476 1493 2525 modern
1506 2475 1560 2525 dat.
1576 2497 1587 2519 ν
1717 2476 1799 2540 [lioot

1298 2621 1352 2669 887.
1376 2628 1526 2672 ΤλῦἓΟΕΜν

1015 2758 1198 2808 ammoniacam
1213 2757 1326 2808 fraudem
1338 2758 1381 2809 ubi
1393 2761 1494 2810 Gessius
1506 2759 1634 2824 cognorit,

1046 2846 1078 2897 ad
1086 2848 1181 2896 extorre
1192 2845 1268 2895 tetum
1281 2858 1356 2909 prope
1371 2846 1503 2907 accedens,

1015 2934 1136 2999 propriam
1148 2933 1293 2984 sententiam
1303 2933 1423 2997 culpavit,
1437 2938 1462 2985 et
1473 2935 1599 2986 scientiam
1609 2937 1689 2997 illam,

1047 3026 1073 3073 et
1083 3036 1126 3073 eos
1134 3022 1267 3087 qui-ddunt
1277 3022 1404 3086 astrologis
1415 3023 1514 3073 insanis.

1294 3165 1350 3210 688.
1370 3172 1518 3214 EJUSDEM.

1015 3300 1069 3350 Buri
1085 3300 1230 3350 calciantes
1241 3299 1354 3351 Gessium
1367 3300 1525 3363 perdiderunt
1535 3301 1750 3365 juribusJuranuis,

1047 3401 1191 3452 magnorum
1202 3387 1332 3438 consulum
1346 3389 1430 3438 sellam
1442 3388 1550 3452 polliciti.

1015 3489 1120 3540 openus
1134 3473 1261 3524 hominum
1275 3488 1377 3538 vanum,
1393 3477 1742 3539 suurn-iu-miram-meritum

1046 3577 1125 3627 usque
1138 3562 1170 3613 ad
1186 3564 1260 3615 linem
1272 3564 1330 3614 vitm
1343 3563 1403 3614 nihil
1417 3566 1504 3614 sciens.

1541 3694 1793 3712 ⁸——n-—a-

1048 3779 1109 3824 Tam
1121 3779 1201 3824 rrova?
1211 3774 1324 3835 defuncto
1335 3792 1378 3825 cur
1387 3776 1432 3826 tibi
1447 3777 1524 3827 luctus
1537 3778 1621 3829 abest?
1712 3798 1716 3807 ·

1015 3858 1208 3939 indignabundus
1219 3860 1340 3926 respondit
1354 3862 1449 3910 Gessius
1459 3861 1494 3911 illi
1509 3878 1516 3912 ε

1050 3944 1132 3991 Fusius
1145 3950 1170 3990 et
1181 3941 1211 3989 ad
1221 3952 1337 3998 mortem,
1352 3945 1468 4004 Bsucale,
1486 3943 1549 3994 lerre
1560 3946 1631 3995 solet.

1298 4078 1371 4140 687.
1388 4095 1505 4139 rsusnrrr,

1335 4205 1365 4255 de
1384 4205 1475 4257 eodem.

1015 4343 1075 4391 Cum
1091 4342 1223 4408 prope‘Jam
1232 4349 1334 4391 mortem
1347 4340 1446 4390 sentiret
1455 4340 1549 4390 Οτεείιιε
1560 4343 1636 4403 exsul,

1049 4426 1129 4489 Atque
1142 4422 1310 4472 Ammoniacus
1324 4423 1349 4471 in
1361 4438 1402 4471 ειιο
1414 4422 1500 4471 damna
1514 4422 1581 4472 dolos
1595 4439 1602 4474 τ

1015 4503 1144 4555 Consilium
1158 4513 1215 4553 tunc
1226 4503 1276 4569 ipse
1287 4519 1357 4553 suum
1369 4503 1490 4552 damnarit
1503 4513 1527 4553 et
1540 4514 1630 4566 artem,

1047 4589 1078 4636 Et
1092 4584 1111 4634 εἰ
1123 4583 1177 4650 quis
1191 4585 1258 4634 vanis
1274 4585 1383 4634 crederet
1397 4585 1537 4651 Astrologis.

1310 4723 1370 4773 θθθ.
1387 4737 1504 4785 nusum,

1333 4845 1364 4895 de
1384 4845 1475 4896 eodem.

1013 4981 1092 5033 iurati
1104 4982 1177 5032 luscos
1188 4983 1246 5035 dum
1259 4984 1425 5049 pollicitantur
1436 4994 1460 5035 et
1475 5001 1580 5047 annuos,

1047 5065 1200 5126 Calchantes,
1210 5066 1276 5115 Gessi
1286 5103 1293 5127 ,
1304 5076 1328 5116 te
1342 5067 1389 5117 duo
1404 5068 1567 5133 perdiderunt.

1012 5148 1078 5198 Gens
1089 5145 1213 5197 lromlnum
1226 5156 1296 5197 rento
1309 5148 1408 5208 similis,
1417 5148 1461 5197 sibi
1472 5151 1555 5210 noxio,
1569 5151 1626 5216 quid
1640 5152 1671 5202 sit

1050 5232 1130 5294 Utile,
1145 5248 1282 5299 supremum
1296 5231 1371 5282 nesus
1382 5231 1486 5298 adusque
1498 5232 1570 5284 diem.
