4000 5952
469 400 593 461 CAPUT
613 401 649 460 ll.
673 400 923 503 deuteronom
944 402 1164 464 DESCRIPTIO
1186 403 1429 466 STATUAItUbI.

189 534 244 595 Ιίαὶ
257 536 349 611 νοερῆς
366 532 498 613 ι’ίφθεγκτα
512 531 647 598 Λατινίδος
658 530 733 610 όργια
748 531 856 603 Μούσης

147 624 223 692 ἅζετο
235 620 390 680 παπταίνων
405 619 556 690 ’ancittae
568 618 655 678 ὅντινα
669 619 769 695 μύστην

88 734 133 775 aua
147 710 260 775 Αύσονὶς
273 708 387 790 ἀρρήτου
399 705 491 789 σοφίης
505 709 631 789 ἐθρέψατο
642 707 748 784 Σειρήν.

188 794 292 857 baldou
307 796 329 853 δ’
344 818 358 853 o
376 792 517 875 ρεσίφυιτος
531 794 649 870 ὁμόγνιος
661 790 754 851 ίστατο
768 794 848 872 κούρη

1001 535 1031 583 Et
1043 533 1158 598 sapientis
1171 539 1240 586 muta
1252 535 1345 587 muna
1359 537 1437 586 Musae
1449 536 1515 599 orgia

971 622 1133 673 venerabatur
1142 626 1399 687 spectanstroaams,
1414 639 1488 688 quem
1502 629 1606 687 mystam

970 710 1102 761 ineffabilis
1118 713 1242 775 sapientiae
1252 713 1359 763 Ausonia
1368 712 1482 764 edrrcarit
1493 713 1569 764 Siren.

1002 798 1088 850 Phoebi
1096 804 1197 864 cogrrata
1210 800 1348 866 montiraga
1360 801 1455 853 adstitit
1463 801 1532 866 vlrgo

146 882 291 965 Ἄρτεμις,
307 883 365 942 ἀλλ’
375 883 404 940 ού
418 879 490 949 τόξον
510 879 651 953 ἑκηόύλυν,
667 880 725 939 οὐδὲ
740 880 869 962 φαρέτρην
946 877 950 985 γ
971 890 1066 951 Draus,
1076 888 1121 940 sed
1135 901 1215 953 neque
1226 890 1542 955 arcumlongetcrientem,
1555 904 1601 941 nec
1612 891 1752 955 pharetram

147 974 252 1043 ἰοδόκην
269 971 398 1050 ἀνέχουσα
409 969 579 1046 κατωμαδόν·
593 960 624 1041 ἦν
637 968 659 1026 δ’
674 969 717 1028 ἐπὶ
731 971 828 1046 γούνων

146 1062 285 1139 παρθένιον
299 1058 428 1134 λεγνωτθν
444 1060 621 1126 ἀναζωσθεῖσα
635 1059 749 1137 χιτῶνα,

89 1171 133 1210 ato
147 1152 193 1208 xci
207 1148 295 1228 τριχὸς
311 1147 474 1226 άκρήθεμνον
489 1146 611 1223 ἀνιεμένη
623 1146 719 1205 πλόκον
733 1144 832 1223 αύραις.

188 1234 328 1314 Ἔμφρονα
343 1233 442 1311 χαλκόν
451 1233 573 1313 Ὅμηρος
584 1233 727 1308 ἐδείκνυεν,
743 1231 801 1290 οὔτε
811 1235 929 1308 μενοινῆς

147 1326 285 1403 ἄμμορον,
297 1320 356 1380 odra
370 1320 429 1380 νόου
443 1321 621 1402 κεχρημένον,
637 1322 695 1378 ἄλλ’
708 1320 759 1399 alpe
775 1320 869 1397 μούνης

146 1408 543 1572 ill‘lffldi‘l‘tlfilf
554 1406 809 1574 ίῖίῗίῖἷζέζόέ·

203 1523 266 1557 και·
281 1521 298 1554 οι
463 1521 476 1554 ν
522 1521 539 1566 η
597 1521 609 1563 ς
766 1521 783 1566 η
803 1518 809 1532 ·

91 1605 133 1645 sta
147 1590 178 1648 σύ
192 1586 242 1666 γάρ
257 1524 308 1663 έγὼ
324 1521 484 1660 κατθχθυμθν
497 1583 587 1660 όίομαι
600 1583 656 1642 όττι
671 1606 715 1660 μιν
730 1581 796 1660 ἀνὴρ

147 1675 285 1753 έργοπόνος
297 1674 427 1750 χάλκιυσε
439 1674 501 1750 παρ’
513 1673 656 1751 έσχαρεῶνι
668 1670 789 1729 θαάσσων
801 1717 808 1744 ,

148 1762 207 1820 ἀλλ’
220 1762 285 1832 αὐτὴ
300 1758 443 1837 πολύμητις
455 1759 587 1818 ἀνέπλασε
595 1758 685 1840 χερσίν
700 1758 794 1829 Ἀθήνη

148 1840 214 1915 elbo:
224 1848 387 1923 ἐπισταμένη
396 1846 476 1925 τόπερ
486 1846 580 1923 ᾤκεεν·
593 1849 620 1904 έν
634 1849 685 1925 γὰρ
694 1832 809 1925 Ὁμήρῳ

149 1937 215 2009 σύτὴ
229 1934 383 1996 ναιετάουσα
397 1933 477 2015 σοφὴν
491 1934 628 2015 ἐφθέγγετο
641 1928 761 2010 μολπήν.

94 2040 135 2080 aso
145 2023 274 2099 Σίννομος
290 2021 432 2081 Ἀπόλλωνι
468 2020 558 2099 πατὴρ
574 2019 745 2099 ίμὸς,ίσόθεος
761 2018 815 2099 φὼς

149 2114 240 2170 ἵστατο
251 2115 317 2177 θεῖος
328 2107 462 2189 Ὅμηρος·
478 2106 549 2167 ἔϊκτο
564 2108 610 2186 μίν
626 2108 700 2187 ἀνδρὶ
714 2112 809 2179 νοῆσαι

149 2198 284 2278 γηραλέῳ·
294 2196 324 2254 τὸ
336 2195 363 2254 δὲ
378 2202 461 2275 γῆρας
473 2194 517 2268 έην
531 2195 628 2273 γλυκύ·
643 2201 721 2254 τοῦτο
735 2196 786 2275 γὰρ
799 2196 870 2275 αὐτῷ

149 2287 302 2364 πλειοτέρην
317 2282 410 2352 ἔσταξε
421 2283 513 2363 χάριν·
526 2283 669 2362 κεκέραστο
681 2284 708 2341 δὲ
720 2284 812 2362 κόσμῳ

150 2376 240 2452 αἰδοίῳ
256 2396 284 2432 τε
300 2373 367 2453 φίλῳ
380 2395 422 2429 τε·
438 2370 515 2437 σέόας
528 2373 551 2429 δ’
566 2370 737 2446 ἀπελάμπετο
751 2371 862 2449 μορφῆς.

95 2478 136 2518 επ
150 2461 248 2540 Αύχένι
263 2460 310 2539 μὲν
325 2460 448 2519 κύπτοντι
459 2459 542 2538 γέρων
552 2457 691 2536 έπεσύριτο
704 2456 794 2534 βότρυς

149 2548 259 2633 χαίτης,
275 2548 400 2608 εἰσοπίσω
413 2545 611 2628 πεφορημένος,
627 2545 694 2625 ἀμφὶ
709 2544 730 2602 δ’
747 2542 841 2610 ἀκουίις

150 2639 313 2713 πλαζόμενος
325 2636 491 2714 κεχάλαστο·
503 2633 577 2695 κάτω
591 2633 613 2692 θ’
626 2633 743 2712 ιύρύνετο
755 2631 851 2710 πώγων

151 2724 315 2805 άμφιταθείς,
327 2722 443 2797 μαλακός
454 2720 482 2780 δέ
497 2723 541 2780 καὶ
555 2719 690 2800 εὔτροχος·
705 2720 763 2778 οὐδὲ
778 2716 828 2797 γὰρ
844 2708 889 2789 λεν

151 2811 285 2882 όξστενης,
298 2811 356 2868 ἀλλ’
371 2809 446 2891 εύρθς
463 2808 612 2883 ἐπέπτατο,
628 2809 724 2875 κάλλος
738 2805 850 2887 ὑφαίνων

96 2922 139 2962 tto
151 2901 240 2973 στήθεϊ
252 2899 412 2980 γυμνωθέντι
426 2897 472 2957 καί
483 2898 612 2979 ίμερόεντι
625 2895 769 2977 προσώπῳ.

151 2989 252 3065 Γνμνὸν
269 2987 291 3046 δ’
303 2979 358 3066 εἶχε
374 2985 505 3063 μέτωπον,
520 2989 562 3044 ἐπ’
575 2985 723 3063 άπλοκάμιρ
738 2984 765 3042 δὲ
776 2983 890 3064 μετώπῳ

150 3060 215 3148 ἧστο
230 3074 393 3155 σαοφροσύνη
404 3073 586 3155 κουροτρόφος·
599 3071 699 3152 dppld'
713 3072 755 3150 ἄρ’
764 3074 842 3152 όφρῒνς

151 3163 299 3244 ἀμφοτέρας
314 3163 466 3244 προόλῆτας
481 3161 608 3230 έθσκοπος
622 3160 721 3221 ἔπλασε
732 3160 828 3240 τέχνη,

151 3251 208 3311 οὔτι
221 3254 323 3328 μάτην·
336 3252 423 3332 φαέσνν
437 3249 488 3330 γάρ
502 3250 632 3329 έρημάθες
645 3241 712 3321 ἦσαν
726 3247 841 3307 ὀπωπαί.

94 3357 137 3397 aas
151 3339 220 3400 ’til’
232 3342 278 3398 ούκ
291 3330 324 3411 ἦν
339 3341 412 3420 άλαῷ
427 3337 569 3416 ἐναλίγκιος
584 3336 657 3416 άνδρλ
667 3340 776 3408 νοῆσαι·

354 3641 442 3688 LVIII.
456 3641 493 3685 De
507 3632 610 3706 Apulejo
622 3637 710 3701 Mago.

149 3780 260 3832 Ausonia
271 3780 416 3831 Muse'nolli
428 3779 544 3846 rulgauda
557 3778 657 3846 profano

150 3862 222 3928 Orgia
233 3863 356 3930 conspexit
365 3862 459 3928 sapiens
467 3860 597 3928 apuiejus,
608 3861 732 3911 alumnum

150 3946 240 3998 Imboit
251 3947 343 3997 arcanis
355 3945 438 3996 studiis
450 3961 520 4012 quem
535 3945 636 3996 Itomada
646 3945 724 3996 Siren.

428 4111 493 4159 nix.
509 4113 545 4157 De
559 4108 650 4159 Diona.

151 4259 202 4307 Stat
213 4255 295 4305 rhoebi
307 4270 432 4320 germana,
445 4253 506 4320 jugis
517 4262 607 4303 assueta
620 4250 737 4317 terisque,

150 4340 205 4389 Non
216 4353 298 4387 arcum
309 4337 388 4386 Diana
399 4351 496 4400 gerens,
509 4350 558 4384 non
567 4334 615 4384 tela
628 4343 748 4383 tenentem

150 4423 186 4469 lix
199 4418 305 4468 humeris
317 4417 456 4484 pharetram
470 4432 476 4467 ε
492 4415 591 4481 genibus
604 4415 645 4464 sed
658 4414 743 4463 nititur
754 4412 802 4461 alte

150 4500 288 4566 virgineam
299 4500 410 4565 cingens,
424 4498 500 4548 ambit
511 4513 583 4563 quam
595 4495 705 4558 fimbria,
718 4502 820 4554 restem,

149 4588 245 4651 Datque
257 4584 309 4651 rapi
322 4583 398 4634 centis
408 4583 474 4633 nulla
486 4581 530 4632 sub
544 4582 594 4644 lege
606 4580 713 4645 capillos.

427 4736 477 4784 LX.
487 4738 524 4782 Dc
538 4735 650 4781 Homero.

151 4883 191 4928 Es
202 4880 251 4928 ritu
264 4889 371 4943 uegetum
383 4877 452 4927 nobis
463 4876 565 4927 ostendit
579 4879 708 4923 Homerum
723 4890 729 4923 ι

152 4963 207 5011 Non
218 4961 326 5020 animare,
339 4974 390 5009 noo
401 4976 482 5008 sensus
494 4957 576 5019 abest,
588 4955 627 5005 sed
639 4956 711 5005 solius
724 4954 764 5004 illc

151 5044 223 5093 Vocis
234 5053 304 5107 eget:
320 5044 407 5092 mirram
420 5059 468 5108 quo
480 5040 514 5090 uis
529 5038 670 5113 processerit
680 5039 746 5088 artis.

151 5126 211 5189 (bris
222 5126 280 5175 deus
291 5124 338 5175 boc
351 5124 420 5174 nobis
433 5124 498 5174 dedit
511 5140 556 5184 es,
568 5132 592 5171 et
605 5122 630 5172 iu
650 5138 698 5171 ονε
710 5122 827 5185 liguram?

152 5210 207 5258 Iton
220 5207 324 5265 etenim,
337 5207 356 5256 si
368 5205 425 5272 quid
437 5207 533 5272 dIgnum
546 5213 582 5255 est
593 5202 718 5269 mejudice
729 5202 807 5265 credi,

249 5300 395 5338 Δαοοοοοοι.
414 5301 432 5339 ¹.

970 975 1218 1043 recipiendissagittis
1226 976 1320 1028 habens
1329 977 1355 1028 in
1363 976 1466 1028 humero
1475 996 1482 1039 3
1492 991 1579 1029 uerum
1589 979 1621 1029 ad
1630 993 1708 1043 genua

971 1064 1223 1116 adductam-habebat
1235 1065 1378 1130 virginalem
1388 1066 1498 1117 tunicam
1511 1065 1643 1131 virgatam,

970 1152 1124 1217 criniumque
1138 1156 1233 1204 textturr
1245 1153 1371 1204 sine-vitta
1386 1153 1542 1218 permlttebat
1553 1156 1628 1205 aurts.

1001 1241 1140 1305 intelligens
1155 1241 1299 1293 ostendebat
1309 1256 1345 1293 aas
1357 1245 1487 1305 Harenas,
1496 1256 1576 1307 neque
1589 1244 1739 1307 cogitationis

971 1342 1069 1393 expers,
1084 1344 1129 1380 nec
1137 1333 1218 1381 mente
1229 1331 1366 1395 privatum,
1376 1331 1420 1381 sed
1432 1334 1484 1382 sota

971 1432 1031 1484 rone
1041 1417 1162 1480 bumana,
1174 1418 1333 1484 exhibuitque
1345 1420 1486 1471 bacchicam
1495 1422 1655 1487 (poeticam)
1666 1426 1752 1472 ament.

971 1508 1034 1558 Sane
1041 1506 1114 1557 ctiam
1119 1521 1154 1557 aes
1160 1506 1224 1557 ludit
1229 1508 1290 1559 deus
1297 1509 1435 1572 perinde-ac
1443 1509 1513 1559 traxit
1519 1511 1628 1574 corporis
1634 1510 1735 1561 tororum
1746 1528 1752 1559 :

965 1594 1095 1646 nonenim
1108 1609 1152 1660 ego
1163 1596 1249 1660 opinor
1260 1595 1353 1658 anino,
1363 1597 1445 1645 tirum
1454 1611 1508 1646 eam

972 1683 1108 1746 operarium
1117 1684 1260 1749 procudisse
1271 1683 1304 1734 ad
1316 1684 1399 1734 Iocum
1409 1684 1549 1747 sedentem,

972 1770 1016 1821 scd
1027 1770 1080 1835 ipsa
1092 1771 1200 1836 prudens
1214 1771 1327 1821 formarit
1343 1771 1457 1821 menibus
1467 1771 1576 1821 Minerva

972 1863 1076 1913 scienter
1084 1860 1204 1925 speciem,
1214 1874 1289 1923 quam
1298 1859 1419 1910 incolebat
1432 1881 1438 1908 :
1453 1873 1510 1910 nam
1521 1859 1546 1909 iu
1556 1863 1661 1911 Homer:

972 1950 1026 2014 ipsa
1040 1948 1178 1999 iubebitans
1189 1947 1323 2012 sapientem
1337 1946 1425 1998 edebat
1436 1951 1545 1999 cantum.

972 2037 1088 2102 Apollinis
1100 2036 1181 2087 socius
1194 2039 1262 2100 pater
1274 2049 1359 2097 meus,
1369 2034 1408 2084 rir
1419 2034 1591 2098 diisaequaIIs,

973 2125 1067 2176 astabat
1083 2122 1181 2174 divinus
1192 2125 1320 2174 Homerus
1354 2123 1444 2172 Sitnilis
1453 2123 1553 2187 quidem
1566 2124 1613 2173 tuit
1624 2124 1678 2172 τίαν

973 2206 1056 2268 senili3
1069 2211 1095 2257 at
1110 2209 1224 2258 senectus
1234 2209 1287 2257 erat
1301 2207 1384 2257 suauis
1398 2227 1404 2255 :
1420 2207 1473 2281 bac
1483 2208 1582 2258 enimin
1595 2208 1676 2271 ipsum

972 2296 1088 2358 maiorem
1098 2294 1244 2346 attendebat
1255 2295 1371 2359 gratiam,
1386 2299 1500 2345 ornatum
1514 2296 1601 2347 decore

972 2377 1104 2429 reserabili
1119 2382 1144 2428 ct
1156 2381 1238 2442 grato,
1251 2378 1416 2441 majestasque
1428 2379 1607 2442 splendebater
1620 2382 1705 2430 torma.

973 2464 1066 2516 danici
1081 2468 1189 2515 curvatae
1203 2465 1328 2515 innatabat
1341 2468 1414 2516 retus
1423 2466 1555 2530 corimbos
1563 2470 1697 2518 retrorsum

973 2552 1080 2617 capillitii
1107 2554 1214 2617 rejectus
1225 2556 1278 2603 erat
1286 2556 1312 2603 et
1325 2552 1418 2603 circum
1430 2567 1502 2603 aures

973 2654 1057 2692 errans
1065 2641 1160 2691 laxatus
1173 2644 1236 2702 eret;
1250 2641 1354 2691 interius
1363 2655 1422 2692 vero
1433 2642 1582 2693 dilatabatur
1594 2643 1670 2694 barba

973 2729 1097 2791 emblem,
1111 2743 1199 2780 verum
1210 2729 1290 2780 mollis
1308 2732 1333 2779 et
1346 2730 1452 2780 rotunda
1465 2751 1471 2778 ι
1483 2745 1562 2794 neque
1579 2731 1644 2782 enlm
1654 2736 1706 2784 crat

973 2818 1124 2881 domninam,
1135 2817 1180 2869 sed
1188 2819 1239 2869 lata
1248 2817 1433 2882 extendebatur,
1444 2822 1599 2871 venustatem
1608 2823 1694 2873 texens

972 2907 1065 2972 pectori
1076 2907 1169 2958 nudato
1182 2910 1208 2958 et
1220 2906 1317 2958 amabili
1330 2908 1409 2959 faciei.

972 2995 1069 3046 Nudam
1084 2993 1172 3046 habult
1182 2995 1300 3056 frontem,
1316 3000 1341 3046 ct
1354 2997 1380 3046 in
1393 2997 1462 3047 calva
1477 2998 1557 3049 leonte
1688 2997 1756 3061 [cilio

973 3084 1074 3136 sedebat
1090 3084 1250 3148 temperanda
1262 3083 1462 3149 Iuvenes-alens,
1474 3087 1567 3136 circirm
1576 3089 1659 3139 autem
1670 3102 1757 3152 super·

973 3171 1046 3223 ambo
1055 3171 1217 3236 prominentia
1228 3171 1296 3222 finxit
1308 3185 1350 3222 ars
1365 3174 1506 3237 perspicer,

973 3273 1019 3311 nec
1027 3262 1120 3310 ίειοοιο
1131 3278 1138 3309 2
1148 3272 1206 3310 nam
1216 3261 1414 3311 caraoculorum
1423 3262 1538 3313 carebant
1548 3264 1691 3316 luminibus.

973 3351 1087 3398 Attamen
1098 3346 1153 3397 in'su
1163 3361 1212 3397 non
1223 3351 1276 3397 crat
1285 3348 1371 3398 similis
1381 3349 1433 3399 atro
1449 3364 1514 3400 caco
1532 3372 1538 3400 ι

975 3631 1029 3677 lloc
1039 3625 1077 3675 vir
1090 3642 1148 3693 opus
1162 3624 1249 3675 iaciens
1262 3624 1346 3690 aliquis
1355 3626 1445 3675 desedit
1458 3627 1487 3675 ad
1499 3628 1577 3692 ignem

975 3710 1036 3761 Dira
1045 3709 1087 3760 sed
1097 3709 1147 3776 ipsa
1158 3709 1207 3759 suis
1215 3708 1325 3758 manibus
1333 3709 1441 3759 Tritonia
1455 3710 1523 3760 linxit

975 3791 1088 3859 Corporis
1096 3790 1176 3841 ίοεοιεί
1189 3790 1307 3857 quondam
1321 3806 1368 3840 nori
1377 3791 1518 3844 immemor:
1534 3795 1583 3860 ipsa

976 3875 1072 3941 Quippe
1085 3889 1129 3941 per
1142 3890 1168 3924 os
1179 3872 1258 3939 magni
1267 3883 1350 3923 cantus
1362 3873 1448 3923 edebat
1462 3876 1562 3925 Homeri

976 3958 1087 4019 Consors,
1100 3954 1201 4011 Phoebe,
1218 3954 1273 4005 tibi.
1286 3954 1324 4004 Sic
1338 3972 1409 4021 quem
1420 3955 1470 4005 rice
1482 3958 1556 4022 putris
1567 3959 1640 4010 adoro

976 4036 1106 4088 Mmonidea
1118 4038 1185 4087 stetit
1197 4036 1246 4087 hic.
1262 4036 1357 4087 Senium
1370 4037 1482 4103 preferre
1494 4037 1597 4100 ridetur,

975 4123 1052 4172 Dulce
1064 4121 1106 4171 sed
1119 4120 1165 4170 boc
1177 4121 1269 4169 senium
1282 4130 1331 4182 est,
1344 4129 1368 4168 ct
1382 4120 1412 4168 ab
1427 4120 1469 4169 illo
1481 4121 1554 4172 ditior
1566 4123 1602 4171 ori

976 4206 1075 4267 Gratia3
1090 4204 1236 4255 conveniunt
1249 4203 1351 4267 gravitas
1364 4209 1389 4251 et
1400 4203 1503 4253 amabile
1514 4205 1637 4270 quiddam.

976 4289 1065 4339 Blanda
1079 4287 1212 4338 uerecundo
1224 4287 1331 4351 majestas
1344 4285 1407 4335 lucet
1418 4286 1443 4334 in
1457 4303 1515 4337 ore:

976 4378 1072 4423 innatat
1084 4371 1108 4421 in
1123 4386 1195 4421 curra
1208 4385 1280 4419 canus
1293 4368 1385 4418 cervice
1399 4368 1525 4434 corymbos

976 4456 1074 4505 vertice
1084 4451 1228 4502 descendens
1240 4462 1264 4501 et
1273 4450 1473 4500 circumiunditur
1484 4466 1561 4521 aures.

976 4543 1061 4595 Ittento
1076 4536 1151 4586 barba
1164 4536 1249 4585 cadens
1259 4532 1336 4600 spatio
1348 4533 1487 4597 dispescitur
1499 4536 1578 4599 amplo
1585 4572 1593 4597 ,

874 4682 880 4691 ι
976 4619 1092 4669 Mollibus
1104 4619 1145 4667 illa
1157 4616 1212 4683 pilis
1222 4616 1345 4678 multoque
1359 4616 1493 4678 volumine,
1504 4634 1548 4668 nec
1557 4610 1593 4669 se*

976 4701 1043 4766 Cogit
1054 4701 1078 4749 in
1092 4708 1230 4763 angustum,
1240 4697 1280 4746 sed
1292 4696 1341 4745 late
1350 4697 1467 4754 excurrit,
1480 4707 1505 4748 et
1517 4699 1578 4749 inira

978 4788 1005 4833 Et
1019 4783 1089 4832 restis
1099 4782 1169 4832 dmul
1181 4791 1216 4831 est
1227 4797 1253 4830 ea
1266 4780 1369 4847 pectoris
1380 4790 1405 4830 et
1417 4781 1487 4832 decus
1498 4784 1554 4833 oris.

977 4867 1045 4918 It'uda
1058 4866 1132 4915 comis
1146 4866 1210 4915 irone
1221 4874 1256 4915 est
1271 4881 1277 4915 :
1291 4874 1315 4914 ct
1326 4863 1392 4913 adest
1405 4865 1521 4930 sapientia
1534 4867 1606 4916 ironti

976 4952 1046 5001 Unde
1058 4949 1104 4999 sibi
1118 4965 1194 4999 mores
1208 4949 1279 4997 ducat
1291 4964 1350 5015 puer
1362 4964 1369 4998 ι
1384 4958 1459 4997 exstat
1471 4948 1591 5014 utrimque

891 5036 895 5045 '
976 5035 1067 5085 Umbra
1079 5033 1199 5099 supercilii
1214 5047 1334 5097 :namque
1348 5047 1386 5081 ara
1399 5030 1445 5080 hoe
1461 5032 1560 5097 prouida
1574 5034 1663 5084 vallum

976 5115 1118 5171 Addiderat,
1133 5115 1201 5164 saeui
1212 5113 1327 5163 suberant
1340 5114 1396 5179 quia
1409 5114 1505 5163 luminis
1516 5114 1596 5167 orbes.

977 5196 1115 5264 Adspiciens
1126 5212 1214 5247 cacum
1224 5210 1272 5245 non
1281 5209 1360 5261 posses
1371 5193 1481 5258 crederc3
1492 5203 1557 5245 ῑαοιο

1558 5291 1572 5335 d
