4000 5952
209 426 250 486 62
780 421 1037 483 ANTHOLOGIAE
1059 422 1263 484 PALATINAE

249 555 298 626 ἡδύ
311 578 357 633 γε,
373 554 421 613 κδιν
437 554 526 634 ψαύσῃ
541 559 635 632 μοῦνον
649 554 731 632 ἄκρου
746 553 889 630 στόματος·

211 644 288 725 ψαύει
304 644 383 703 δὀὐκ
398 643 485 725 ύκροις
498 653 550 710 τοῖς
559 642 690 722 χείλεσιν,
702 645 760 701 ἀλλ’
773 643 882 722 ἐρέουσα

251 732 381 808 τδ’στο’μα
398 730 445 803 τὴν
458 729 545 811 ψυχὴν
560 728 586 797 ἐξ
601 729 702 810 ὀνύχων
718 730 818 808 ἀνάγει.

476 881 519 931 15.
540 884 727 931 Tassiros.
769 936 773 942 ,

210 1018 268 1076 Ποῦ
279 1022 324 1074 νῦν
339 1014 519 1096 Πραξιτέλης
531 1021 581 1074 ποῦ
593 1016 615 1073 δ’
630 1018 657 1073 nl
672 1015 746 1094 χέρες
761 1016 789 1072 σί
803 1013 990 1081 Πολυκλείτου,

249 1107 276 1161 αἱ
289 1107 346 1170 ταῖς
357 1102 454 1182 πρόσθε
470 1101 573 1184 τέχναις
585 1108 691 1180 πνεῦμα
702 1101 892 1183 χαριζόμεναι;

209 1190 246 1257 τίς
258 1191 409 1267 πλοκάμους
425 1190 543 1262 Μελίτης
555 1191 684 1262 εὐώδεας,
700 1189 718 1260 ἢ
730 1189 858 1269 πυρόεντα

248 1279 357 1356 όμματοι
369 1279 413 1337 καὶ
430 1279 516 1358 δειρῆς
530 1278 624 1357 φέγγος
637 1277 842 1351 induisissent,

209 1376 258 1428 ποῦ
277 1367 409 1438 πλάσται,
426 1375 475 1427 ποῦ
489 1367 512 1425 θ’
526 1369 575 1426 εἰσὶ
590 1366 714 1439 λιθοξόοις
728 1365 827 1446 ἔπρεπε
842 1366 899 1445 τοίη

248 1460 336 1535 poppa]
350 1455 412 1526 νηδν
429 1456 513 1535 ἔχειν,
525 1460 558 1522 ὡς
578 1455 705 1534 μακάρων
721 1455 811 1535 ξοάνῳ.

332 1627 378 1676 16.
402 1616 564 1678 nautor
584 1616 864 1687 antestaretur.

208 1771 288 1844 Μήνη
303 1772 483 1852 χρυσόκερως,
496 1774 587 1850 δέρκεο
597 1772 675 1843 τάδε,
686 1773 731 1831 καὶ
744 1775 922 1854 περιλαμπεῑς

248 1861 370 1940 ἀστέρες,
387 1861 430 1930 οῦς
440 1863 547 1929 κόλποις
562 1861 686 1930 Ὠκεανὸς
698 1860 821 1940 δέχεται,

207 1950 242 2018 ὥς
251 1974 284 2028 με
299 1951 375 2028 μόνον
391 1952 554 2029 προλιποῦσα
571 1949 715 2028 μυρόπνοος
728 1948 807 2030 ᾤχετ’
819 1949 932 2028 ’λρίσττρ

247 2038 353 2110 έκταίην
368 2037 391 2097 δ’
405 2041 487 2115 εύρεῖν
501 2035 549 2108 τὴν
564 2038 648 2114 μάγον
662 2039 690 2096 ού
706 2037 831 2112 δύναμαι.

207 2125 278 2186 Ἀλλ’
292 2125 379 2202 ἔμπης
394 2125 476 2196 αὐτὴν
492 2126 652 2201 ζητήσομεν·
670 2116 688 2197 ἦ
702 2127 726 2205 ρ’
741 2122 883 2204 ἐπιπέμψω

248 2215 380 2295 Κύπριδος
393 2214 515 2294 ίχνευτδις
527 2212 668 2295 ἀργυρέους
683 2213 828 2282 σκύλακας.

423 2385 471 2434 17.
500 2373 770 2434 ΓΑΙΤΟΥΛΙΚΟΥ.

207 2534 346 2615 Ἀγχιάλου
362 2539 488 2616 ῥηγμῖνος
500 2535 644 2612 ἐπίσκοπε,
661 2533 702 2592 σοὶ
716 2534 778 2592 τάδε
792 2533 891 2610 πέμπω

246 2621 356 2703 ψαιστία
370 2625 415 2681 καὶ
426 2625 501 2694 λιτῆς
512 2624 583 2700 δῶρα
596 2620 755 2694 θυηπολίης·

208 2709 296 2792 αὔριον
313 2708 404 2770 Ἰονίου
420 2708 470 2788 γδιρ
484 2710 527 2770 ἐπὶ
541 2709 627 2768 πλατύ
642 2715 713 2783 κῦμα
727 2709 853 2790 περήσω,

247 2799 366 2859 σπεύδειν
383 2799 510 2877 ἡμετέρης
522 2799 619 2857 κόλπον
633 2801 658 2863 ἐς
670 2796 811 2871 Ellotis<-

207 2885 290 2966 ούριος
302 2889 359 2945 ἀλλ’
375 2886 526 2965 ἐπίλσμψον
543 2888 599 2966 δμῷ
612 2884 658 2945 καὶ
672 2886 749 2967 ἔρωτι
763 2886 808 2945 καί
822 2888 903 2966 ἱστῷ,

249 2974 354 3032 δεσπότι
368 2972 413 3031 καὶ
428 2973 574 3050 θαλάμων,
589 2972 694 3053 Κύπρι,
705 2975 749 3032 καὶ
763 2974 869 3045 ἠῖύνων.

459 3142 504 3192 18.
527 3133 739 3193 ΡΟΥΦΙΝΟΥ.

208 3289 318 3352 Μᾶλλον
333 3291 383 3346 τῶν
398 3288 519 3371 σούαρῶυ
537 3289 585 3358 τδις
600 3290 719 3356 δουλίδας
732 3288 928 3367 ἕκλεγόμεσθα,

247 3379 271 3435 ol
286 3376 323 3455 μὴ
337 3378 391 3444 τοῖς
403 3378 546 3446 σπατοίλοις
560 3379 695 3456 κλέμμσσι
704 3378 868 3457 τερπόμενοι.

206 3467 272 3534 Ταῖς
286 3465 334 3544 μέν
348 3465 419 3546 χρὼς
433 3468 552 3547 ἀπύδριδε
564 3468 660 3547 μύρου,
675 3467 787 3548 σοόαρύν
801 3492 830 3527 τε
844 3467 989 3549 φρύαγμα,

246 3555 292 3615 κοιλ
306 3556 374 3632 μετδι
389 3555 508 3615 κινδύνου
518 3556 534 3592 *
543 3558 676 3633 έσπομένη
691 3556 810 3626 σύνοδος·

205 3650 261 3709 ταῖς
276 3642 303 3701 δέ
319 3644 397 3722 χοίρις
411 3644 456 3702 καί
469 3642 539 3722 χρὼς
554 3645 633 3719 ίδιος,
650 3643 696 3701 καλ
708 3644 815 3724 λέκτρον
830 3647 949 3719 ἑτοῖμον,

247 3730 338 3807 δώροις
349 3733 375 3788 ίν
391 3730 535 3796 σπατοίλοις
546 3733 594 3789 οὐκ
604 3731 620 3765 *
632 3733 825 3809 ἀλεγιζόμενον.

207 3821 350 3893 Μιμοῦμαι
362 3817 465 3897 Πύῤῥον
481 3816 525 3875 τδν
538 3816 686 3895 Ἀχιλλέος,
701 3816 728 3883 θς
737 3815 889 3896 προέκρινεν

246 3904 388 3984 Ἑρμιόνης
398 3903 495 3984 ἀλόχου
510 3902 558 3975 τὴν
569 3903 660 3983 λάτριν
675 3903 866 3984 Ἀνδρομάχην.

472 4069 515 4119 19.
535 4071 594 4117 ΤΟΥ
616 4070 721 4118 ΑΥΤΟΥ.

205 4203 303 4265 Ούκέτι
317 4201 480 4277 παιδομανλς
493 4205 528 4269 ὡς
539 4200 599 4283 πρίν
612 4226 676 4262 ποτε
681 4247 690 4277 ,
703 4206 749 4259 νῦν
761 4200 788 4259 δέ
802 4202 933 4275 καλοῦμαι

1068 564 1141 614 dulce
1154 568 1206 627 est,
1218 568 1243 616 et
1257 579 1336 629 quum
1343 566 1422 629 tangit
1435 567 1570 617 extremum
1578 569 1653 619 modo
1661 584 1707 621 os:

1038 653 1082 703 sed
1090 658 1197 719 Europe
1208 669 1255 704 non
1271 655 1350 719 tangit
1363 654 1477 705 extremis
1489 655 1574 718 labiis,
1587 668 1674 707 rerum
1689 659 1807 722 impresso

1068 757 1111 792 ore
1127 743 1233 793 mimam
1247 757 1277 794 ex
1294 743 1418 808 unguibus
1432 745 1625 797 sursumtrnhit.

1328 899 1364 942 15.
1392 902 1546 948 mesphat.

1037 1050 1084 1099 Ubi
1100 1064 1166 1099 num
1178 1051 1331 1102 Praxiteles?
1345 1055 1370 1103 et
1381 1051 1423 1101 uhi
1437 1056 1498 1104 sunt
1512 1052 1628 1115 Polycleti
1641 1066 1743 1113 uranus,

1068 1152 1125 1201 quas
1136 1138 1243 1203 antiquis
1253 1140 1437 1203 operibnsartis
1446 1141 1559 1205 spiritum
1573 1141 1725 1204 largiemur?

1037 1227 1093 1291 quis
1105 1241 1188 1277 eomas
1201 1227 1296 1278 Melites
1308 1227 1491 1290 suaveolentes,
1501 1232 1546 1278 aut
1559 1228 1669 1280 ardentia

1067 1317 1161 1366 lumina
1173 1314 1266 1368 et'rolll
1280 1317 1433 1381 splendorem
1447 1317 1563 1381 attinget?

1037 1404 1079 1454 ubi
1095 1405 1205 1465 timores,
1222 1408 1247 1455 et
1262 1404 1305 1454 uhi
1314 1408 1373 1454 arant
1387 1404 1515 1468 lapicidas?
1525 1406 1610 1457 decuit
1621 1408 1696 1458 talem

1068 1493 1172 1543 tonnam
1181 1493 1299 1557 templum
1309 1493 1414 1555 hahere,
1424 1497 1454 1543 ut
1462 1493 1637 1545 inmortalium
1649 1495 1788 1562 imaginem.

1249 1646 1285 1692 ta.
1302 1642 1402 1691 MARCI
1417 1644 1614 1692 assentatur.
1717 1666 1721 1673 ·

1010 1797 1016 1805 '
1037 1795 1106 1842 Luna
1120 1792 1338 1854 eomihusaureis,
1352 1792 1406 1842 haec
1419 1792 1489 1854 vide,
1504 1794 1529 1843 et
1542 1807 1601 1855 nos,
1612 1796 1821 1849 circuitu-lucentia

1068 1882 1149 1941 nsua,
1164 1894 1221 1943 qum
1236 1878 1329 1929 sinibus
1344 1880 1431 1943 exeipit
1441 1883 1568 1943 ooeanus,

1037 1974 1065 2021 ut
1077 1983 1117 2020 me
1131 1970 1184 2020 solo
1195 1970 1281 2019 relicto
1296 1969 1524 2034 unguenta-spirans
1534 1969 1593 2020 abiit
1607 1971 1702 2031 Ariste;

1068 2056 1241 2119 sexto-jamdiu
1254 2057 1362 2109 inuenire
1375 2071 1472 2122 magam
1484 2071 1533 2107 non
1547 2070 1658 2122 possum.

1036 2145 1200 2196 Nihilominus
1210 2148 1292 2196 tannen
1302 2159 1443 2210 quaeremus
1457 2159 1512 2196 eam
1524 2165 1531 2195 ι
1541 2146 1652 2210 proiecto
1663 2147 1793 2198 immitium

1068 2233 1179 2297 Cypridis
1189 2234 1349 2299 vestigatores
1362 2247 1435 2284 canes
1450 2236 1586 2299 argenteos.

1317 2389 1353 2434 17.
1373 2385 1539 2435 uffittmtct.

1037 2531 1152 2582 llaritimi
1160 2530 1248 2581 littoris
1256 2529 1398 2594 inspectrix,
1416 2532 1509 2591 thuris,
1522 2530 1566 2579 tihi
1577 2531 1623 2580 has
1634 2531 1705 2582 mitto

1066 2619 1217 2684 placentulas
1231 2620 1256 2668 et
1268 2617 1350 2667 tenuis
1364 2617 1428 2667 dona
1443 2617 1559 2671 sacrificii
1576 2638 1582 2668 ι

1036 2721 1091 2758 eras
1104 2705 1169 2758 enhn
1182 2704 1243 2756 lorrii
1257 2707 1342 2755 maris
1355 2707 1438 2754 vastos
1450 2705 1542 2756 lluctus
1555 2706 1676 2766 trajicient

1066 2805 1199 2859 properans
1214 2794 1305 2841 nostrae
1321 2791 1346 2839 iu
1356 2790 1445 2840 slnum
1457 2791 1576 2841 Idothea.

1036 2882 1149 2934 Secunda
1162 2894 1221 2930 vero
1237 2879 1331 2944 affulge
1343 2892 1398 2929 meo
1414 2882 1439 2928 et
1452 2880 1529 2929 amori
1539 2884 1564 2930 et
1573 2882 1650 2942 111110,

1067 2969 1165 3019 domina
1174 2971 1199 3018 et
1208 2968 1387 3030 thalamorum,
1402 2967 1488 3030 cypri,
1499 2970 1524 3016 et
1537 2968 1663 3018 littorum!

1349 3130 1385 3174 ta.
1402 3125 1516 3173 RUFINI.

1036 3278 1121 3327 Potius
1135 3288 1210 3338 quarn
1226 3272 1344 3337 superbas
1356 3275 1495 3323 oaolrooos
1506 3272 1619 3336 eligimus
1631 3287 1722 3336 servas,
1739 3290 1785 3327 nos

1067 3366 1110 3429 qui
1120 3361 1252 3414 luxuriosis
1262 3361 1335 3412 furtis
1350 3375 1398 3411 non
1412 3360 1572 3411 delectamur.

1035 3456 1086 3506 lllis
1097 3451 1196 3517 quidem
1204 3450 1269 3501 eutis
1276 3450 1327 3500 olet
1335 3452 1497 3513 unguentum,
1509 3462 1674 3513 arrogansque
1683 3454 1720 3501 est
1728 3453 1821 3504 leroein

1067 3546 1158 3593 etcum
1168 3538 1394 3609 perieulotiutirus
1407 3536 1569 3597 ooneubitus;

1036 3632 1075 3682 tris
1086 3644 1145 3681 sero
1158 3632 1196 3679 est
1210 3628 1301 3692 mutia,
1311 3628 1337 3677 et
1344 3627 1442 3690 pmpria
1457 3625 1533 3688 eutis,
1544 3628 1570 3676 et
1578 3610 1658 3677 leatus
1669 3632 1782 3690 paratus,

1066 3717 1179 3784 pretiosis
1188 3714 1259 3766 donis
1268 3727 1316 3764 non
1325 3714 1505 3764 insanientium.

1034 3813 1120 3865 imitor
1130 3809 1253 3873 Pyrrhum
1267 3806 1367 3856 aehhhs
1377 3802 1478 3870 filium,
1489 3805 1532 3869 qui
1545 3806 1691 3871 prulerohat

1066 3899 1205 3950 Hermionae
1217 3895 1287 3947 uxori
1301 3894 1413 3944 ancillam
1423 3893 1617 3945 Andromachen.

1330 4057 1366 4102 ιν.
1389 4063 1537 4115 nrnspnn.

1035 4204 1088 4252 Nou
1102 4199 1207 4264 amplius
1215 4200 1461 4262 puerorum-amator,
1474 4199 1502 4246 ut
1512 4196 1584 4258 olim,
1596 4196 1640 4246 sed
1648 4210 1714 4246 nune
1725 4211 1798 4246 rosor

208 4307 1814 4337 ---.--—--——--—-----—--—-----

236 4378 332 4425 Summa
345 4375 400 4425 licet
414 4384 495 4440 tangat
503 4374 571 4425 labra
584 4376 621 4424 rel
632 4391 674 4424 orn
686 4374 731 4424 tibi
746 4391 753 4425 ι

203 4462 237 4507 At
248 4473 297 4506 non
307 4457 342 4506 sie
354 4467 433 4506 tamen
443 4457 502 4507 illa:
516 4457 557 4506 sed
573 4473 599 4507 os
608 4455 642 4506 ita
653 4456 747 4518 ductat,
760 4465 785 4504 ut
797 4456 870 4522 ipsam

235 4538 351 4587 1111111111
360 4554 388 4587 ex
402 4539 455 4588 imis
465 4539 599 4604 unguiculis
606 4539 720 4590 animam.

505 4673 544 4723 15.
557 4690 675 4725 υυιιιιιι.

203 4811 274 4859 Nune
292 4806 335 4857 ubi
346 4806 477 4858 Praxiteles
493 4807 534 4857 ille
544 4807 650 4871 inclitus,
671 4817 696 4857 et
704 4807 819 4873 Polycleti

236 4889 299 4940 Viva
309 4899 394 4956 potens
403 4888 462 4939 olim
473 4905 563 4955 ponere
574 4888 640 4953 signa
650 4893 752 4939 manus?

205 4977 266 5025 Nam
278 4972 332 5040 quis
346 4972 596 5045 odoratosMelitesin
606 4971 809 5038 imaginandum,

236 5057 371 5123 Ignitosque
387 5057 478 5120 oeulos,
491 5055 638 5124 pulchraque
648 5057 710 5106 eoiln
721 5054 806 5106 dabit?

204 5140 332 5192 Marmoris
343 5140 445 5190 artiliees
457 5157 564 5207 aereque
575 5140 616 5190 ubi
627 5144 637 5190 i
648 5138 730 5189 debuit
742 5138 789 5189 aris

237 5227 294 5274 Hae
305 5222 386 5288 heles,
398 5226 510 5292 supenim
519 5240 563 5276 eeu
571 5223 728 5288 simulachra,
740 5223 796 5274 eoli.

1271 4396 1310 4444 16.
1325 4411 1404 4443 maner
1421 4410 1583 4445 anosuranrr.

1033 4546 1099 4591 Luna
1114 4541 1178 4590 vides
1193 4548 1217 4588 et
1227 4555 1268 4587 τοι
1287 4536 1434 4587 flammantia
1447 4537 1525 4586 sidera
1540 4536 1613 4600 omli,

1067 4621 1158 4671 Oceani
1172 4621 1254 4685 refugo
1268 4637 1327 4685 quos
1344 4620 1407 4685 capit
1418 4620 1481 4669 unda
1498 4619 1551 4669 εὶιιυ
1567 4635 1574 4670 :

1033 4710 1070 4755 En
1083 4715 1166 4754 nectar
1179 4705 1289 4754 redolens
1300 4704 1378 4753 solatur
1386 4719 1424 4752 me
1433 4702 1522 4768 linquit
1535 4702 1614 4752 Ariste
1630 4719 1636 4751 ι

1065 4786 1179 4853 Improba
1193 4803 1234 4836 aex
1246 4795 1308 4835 totos
1320 4802 1368 4835 non
1384 4783 1442 4834 mihi
1456 4785 1505 4833 elsa
1514 4784 1573 4833 dies.

1032 4871 1140 4921 Scrutari
1151 4880 1244 4921 eertum
1254 4878 1334 4919 tamen
1347 4877 1382 4917 est
1398 4883 1405 4918 :
1420 4867 1542 4916 mittemus
1554 4866 1579 4915 in
1595 4866 1660 4916 illam

1071 4955 1194 5021 Cypridos,
1206 4954 1297 5019 argenti
1307 4953 1413 5020 pondera
1427 4968 1483 5001 cusa
1492 4987 1500 5012 ,
1510 4966 1590 5000 canes.

1348 5105 1385 5153 ¹9·
1405 5102 1506 5136 nurrnr.

1036 5225 1097 5272 Ante
1109 5221 1206 5287 quidem
1216 5220 1301 5290 pueri,
1316 5221 1357 5272 sed
1370 5237 1433 5272 nrrne
1442 5236 1495 5270 mea
1512 5234 1570 5269 eura
1583 5216 1682 5285 puellm
