4020 5946
587 357 711 443 CAPUT
731 382 795 442 Vll.
817 383 1099 445 EPIGRAMMATA
1120 384 1394 447 sarrientem.
1736 387 1796 447 :tlt

218 513 403 594 πρωτοάόλου,
418 514 451 571 δι’
466 508 529 583 όσης
539 512 632 585 ήλθιτε
641 517 784 594 πυρκαῖἥςί

300 678 367 729 218.
390 670 640 730 ΑΝΤΙΠΑΤΡΟΥ
661 670 859 732 ΣΙΔΩΝῙΟΥ.

177 822 235 896 Τήν
250 822 295 881 καί
310 823 367 902 ἅμα
379 829 471 906 χρυσῷ
487 825 533 884 καὶ
548 825 682 908 ἁλουργίδι
700 825 746 886 καί
760 825 807 886 σύν
824 823 925 908 Ἔρωτι

217 913 416 994 θρυπτομένην,
433 913 539 987 ἁπαλῆς
553 914 684 996 Κύπριδος
699 915 847 997 ἁδροτέραν

177 995 255 1059 Λαΐδ’
270 999 339 1079 ίχω,
352 1005 472 1073 πολιῆτιν
493 1002 630 1071 δλιζώνοιο
642 1001 785 1084 Κορίνθου,

218 1090 351 1167 Πειρήνης
362 1090 463 1149 λευκῶν
476 1091 648 1173 ραιδροτίραν
659 1091 794 1166 λιάάθων,

138 1198 152 1235 s
176 1174 224 1247 τήν
240 1175 335 1250 θνητήν
350 1177 511 1260 Κυθέρειαν,
527 1180 567 1261 ἐρ’
578 1171 598 1258 ᾖ
610 1185 757 1260 μνηστῆρες
766 1179 859 1259 ἀγαυοί

216 1263 362 1337 πλείονεςῆ
379 1265 482 1348 νύμρης
497 1265 582 1327 είνεκσ
597 1268 771 1349 Τυνδαρίδος,

177 1351 347 1431 δρυπτόμεναι
360 1353 473 1434 χάριτάς
484 1378 514 1414 τε
527 1356 572 1414 καί
587 1354 690 1427 ὠνητήν
703 1353 855 1436 ἄρροδίτην

215 1432 246 1513 ής
258 1440 303 1499 καί
315 1442 360 1499 ὑπ’
373 1441 464 1502 εὐώδει
477 1442 576 1522 τύμθος
591 1443 670 1503 όδωδε
687 1443 794 1524 κρόκῳ,

175 1521 205 1601 ἧς
219 1530 258 1590 ότι
271 1529 383 1602 κηώεντι
399 1532 474 1613 μύρῳ
488 1532 517 1590 τδ
531 1531 672 1613 διάόροχον
685 1535 794 1603 θστεῦν,

121 1635 149 1676 ro
214 1616 259 1676 καί
274 1617 386 1697 λιπαραὶ
397 1610 572 1696 θυόεινάσθμα
586 1620 694 1679 πνέουσι
704 1618 800 1696 κόμαι·

174 1695 194 1782 ᾗ
207 1705 249 1763 ἔπι
263 1706 343 1764 καλὸν
355 1705 519 1784 όμυξειιατδι
537 1705 608 1788 ῥόθος
620 1706 799 1787 apparione,

214 1794 258 1851 καὶ
272 1795 361 1873 γοερὸν
374 1796 458 1864 λύζων
472 1796 647 1875 ἐστονοίχησεν
661 1794 762 1876 Ἔρως.

178 1881 212 1940 Et
227 1880 252 1938 δ’
262 1885 291 1941 οὐ
302 1883 444 1959 πάγκοινον
458 1882 553 1956 δούλην
567 1882 625 1942 θέτο
642 1882 745 1963 κέρδεος
756 1882 849 1954 εὐνὴν,

214 1967 313 2038 Ἑλλὰς
325 1969 372 2044 διν,
381 1974 416 2038 ὡς
426 1969 550 2045 Ἑλένης,
565 1971 640 2042 τῆσδ’
654 1970 720 2049 ύπερ
733 1971 795 2051 ἔσχε
811 1971 902 2031 πόνον.

301 2139 370 2190 219.
392 2130 600 2190 nottntttor
622 2130 837 2191 ΝΕΩΤΕΡΟΥ.

175 2294 209 2355 Ἡ
225 2295 253 2354 τὸ
267 2294 347 2354 καλὸν
359 2296 405 2365 καὶ
418 2305 498 2355 πᾶσιν
513 2296 638 2376 ἐράσμιον
652 2295 807 2371 ἀνθήσασαι,

213 2387 231 2453 ἡ
246 2381 329 2459 μούνη
342 2381 465 2461 Χαρίτων
479 2382 564 2461 λείρια
579 2381 747 2461 δρεψαμένη,

174 2471 260 2530 οὐκέτι
272 2469 465 2550 χρυσοχάλινον
478 2473 527 2550 ὁρᾷ
544 2469 639 2549 δρόμον
653 2467 752 2541 ἠελίοιο

214 2554 296 2636 Λαῒς,
313 2557 439 2635 ἐκοιμήθη
457 2560 480 2617 δ’
494 2558 573 2618 ὕπνον
587 2556 764 2637 θρειλόμενον,

174 2647 293 2727 κώμους,
312 2647 358 2707 καί
371 2646 405 2706 sd
418 2648 483 2707 νέων
495 2645 657 2724 ζηλώματα,
674 2644 719 2704 καί
731 2644 765 2704 τδι
775 2645 922 2704 ποθούντων

214 2736 363 2813 κνίσματα,
379 2736 423 2794 καὶ
439 2736 542 2814 μύστην
554 2735 647 2815 λύχνον
661 2731 840 2810 ἀπειπαμένη.

286 2902 353 2954 220.
371 2892 542 2954 ΛΓΑΘΙΟΥ
560 2890 850 2951 ΣΧΟΛΑΣΤΙΚΟΥ.

173 3038 285 3122 Ἔρπων
301 3042 466 3126 εἶςἘρύρην
477 3044 560 3126 τάρον
572 3045 681 3125 ἔδρακον
698 3046 766 3127 cippi
780 3043 902 3105 silenter

214 3128 313 3197 Λαίδος
325 3133 454 3212 ἀρχαίης,
468 3136 503 3200 ὡς
514 3133 544 3191 τὸ
557 3132 687 3213 χάραγμα
702 3134 782 3212 λέγει.

174 3219 265 3297 Δάκρυ
281 3219 303 3278 δ’
318 3221 486 3294 ἐπισπείσας,
499 3220 640 3300 excipere,
653 3220 741 3299 γύναι,
757 3223 786 3280 ίκ
802 3220 854 3302 γάρ
867 3224 964 3292 ἀκουῆς

216 3335 229 3360 u
249 3308 369 3390 οἰκτείρω
380 3308 410 3367 σε’
423 3311 461 3385 γ’,
478 3335 489 3362 ν
505 3309 584 3388 ἔρην,
602 3336 614 3360 α
628 3309 660 3379 ἣν
675 3309 757 3388 πάρος
771 3312 817 3368 οὐκ
830 3309 932 3386 ἰδόμην.

174 3422 188 3447 ι
201 3385 232 3454 ’λ
250 3396 330 3454 πόσον
340 3395 435 3467 ήῐθέων
448 3395 506 3455 νόον
520 3394 629 3474 ἤκαχες·
643 3397 702 3453 ἀλλ’
714 3397 752 3453 ἴδε
766 3396 856 3468 Λήθην

215 3507 227 3534 ι
243 3480 341 3554 ναίεις,
364 3477 478 3560 ἀγλαΐην
496 3483 522 3539 ἐν
533 3482 607 3561 χθονί
621 3481 779 3556 κατθεμένη.
796 3509 808 3535 ν

212 3788 257 3834 Per
268 3799 340 3850 quem
350 3783 477 3843 transistis,
488 3793 591 3849 quantus
603 3783 622 3833 is
636 3784 696 3849 ignis
706 3788 772 3834 erat!

404 3896 462 3946 218.
476 3910 609 3943 anrrasrar
627 3910 736 3956 sinonis,

509 4004 539 4053 de
555 4004 634 4056 Laide.

177 4119 258 4178 Quam
268 4114 347 4164 decuit
357 4114 436 4177 lmus,
447 4131 518 4180 qnam
533 4131 639 4180 purpura
648 4131 743 4180 semper
755 4123 779 4164 et
792 4130 891 4174 annam,

212 4202 265 4247 Pras
274 4213 322 4263 qua
333 4206 369 4247 sat
378 4197 457 4246 mollis
467 4214 515 4247 non
525 4199 569 4247 luit
578 4199 627 4263 ipsa
638 4202 735 4260 Venus,

182 4280 256 4329 Luida
267 4278 415 4344 complector
428 4294 434 4328 ε
448 4278 506 4328 ciris
517 4295 570 4344 qnae
581 4277 682 4344 pulchra
692 4278 814 4337 Corinthi,

214 4361 311 4410 l‘irenes
324 4360 394 4410 niveo
408 4377 509 4427 corpore
520 4362 575 4411 rieit
591 4377 672 4426 aquas.

180 4443 291 4493 Mortalis
303 4442 437 4510 Cytherea,
448 4442 526 4507 procis
540 4459 588 4491 non
599 4443 717 4515 Tyndaris
730 4460 797 4509 aeque

211 4523 305 4575 rtoruii
316 4540 323 4574 z
334 4523 397 4574 harre
406 4524 487 4591 plnres
496 4540 551 4573 nam
562 4523 653 4590 petiere
666 4524 723 4581 riri,

179 4606 265 4656 Dulcia
275 4615 400 4672 carpentes
409 4605 498 4656 renalis
506 4605 591 4671 gandia
602 4605 667 4656 lecti.

214 4691 277 4739 Hinc
289 4706 386 4740 croceus
396 4691 490 4740 tumulo
502 4706 566 4739 nunc
577 4706 673 4756 qnoque
685 4690 759 4755 surgit
771 4691 839 4741 odor.

183 4774 315 4837 Ungueutis
326 4774 368 4822 sed
382 4784 406 4823 et
419 4774 468 4840 ipsa
481 4774 577 4823 suadent
591 4774 749 4839 fragrantibus
761 4790 812 4824 ossa

214 4858 244 4904 Et
252 4854 334 4905 nitidae
344 4855 437 4921 spirant
448 4871 496 4904 nou
509 4854 553 4904 nisi
567 4854 640 4905 thure
652 4872 735 4905 comae.

182 4938 258 5003 liujus
269 4938 329 4988 lassa
338 4954 409 5003 genas
419 4939 444 4987 in
456 4938 539 4988 funere
550 4948 628 4988 mater
640 4944 757 4989 Amorum

215 5019 328 5082 Adstitit,
341 5030 365 5069 et
375 5020 463 5085 gemitu
474 5031 570 5087 pectora
581 5036 678 5087 quassus
688 5024 772 5071 Amor.

182 5105 239 5150 llaec
254 5101 299 5152 nisi
312 5102 358 5152 sub
370 5104 447 5170 pretio
457 5105 571 5171 patuisset
583 5104 692 5171 publiea,
706 5113 796 5169 quanta

215 5189 249 5236 lta
261 5187 353 5237 Helene
366 5186 521 5239 Danaislrinc
534 5198 584 5240 sata
598 5189 662 5239 bella
675 5188 763 5241 lorent.

1039 523 1300 587 primum-emicantis,
1311 524 1483 606 pmquantum
1498 521 1633 574 incessistis
1642 522 1796 574 incendiuml

1209 688 1262 733 218.
1281 684 1449 732 anrlrsrttl
1462 680 1588 731 sinotttt.

1010 838 1080 888 lllam
1092 839 1166 889 simul
1181 843 1206 889 et
1218 853 1278 889 auro
1287 843 1312 890 et
1321 841 1522 904 purpurea-reste
1537 842 1563 890 et
1575 839 1664 890 comite
1678 845 1766 889 Amore

1040 926 1220 989 luxuriantem,
1231 929 1315 978 tenera
1329 927 1433 991 Cypride
1448 927 1613 979 delicatiorem

1011 1013 1111 1066 Laidem
1123 1013 1240 1078 cohibeo,
1257 1017 1337 1067 cirem
1349 1018 1515 1069 mari-cinctae
1527 1016 1653 1081 Corinthi,

1040 1105 1139 1156 Plrcues
1147 1105 1402 1170 albissplendidiorem
1411 1108 1538 1170 laticibus,
1729 1108 1797 1171 [stari

1009 1193 1076 1244 illam
1086 1195 1216 1246 mortalem
1229 1194 1388 1258 cytheream,
1398 1196 1430 1247 ad
1443 1210 1520 1259 quam
1536 1196 1714 1260 expetendam
1728 1197 1797 1261 proci

1039 1282 1124 1345 plures
1137 1286 1259 1334 exstitere
1271 1298 1347 1348 quam
1357 1283 1474 1348 rirginem
1488 1283 1520 1335 ob
1531 1283 1709 1347 Tyndaridem,

1010 1374 1137 1434 carpentes
1149 1373 1287 1437 gratiasque
1301 1372 1445 1423 etreualem
1462 1385 1594 1423 renerem:

1041 1460 1112 1523 eujus
1125 1463 1150 1510 et
1160 1460 1207 1510 sub
1219 1460 1416 1512 odorosuoriter
1428 1460 1478 1511 olet
1489 1460 1603 1511 tumulus
1620 1475 1700 1524 crooo,

1010 1549 1082 1611 eujus
1094 1546 1177 1599 adhuc
1189 1549 1304 1612 fragranti
1314 1552 1439 1613 unguento
1447 1548 1550 1599 humida
1559 1562 1615 1599 osso

1040 1635 1066 1683 et
1078 1633 1162 1684 nitidas
1174 1634 1255 1684 thuris
1266 1634 1367 1686 odorem
1375 1638 1469 1700 spirant
1484 1650 1577 1696 comam

1009 1733 1084 1783 super
1093 1736 1141 1784 qua
1152 1720 1282 1787 pulchram
1292 1723 1410 1774 lacerarit
1425 1723 1512 1773 taciem
1522 1726 1697 1787 Spuma-nata,

1040 1812 1065 1859 et
1074 1808 1231 1860 lacrimosum
1244 1811 1388 1874 singultiens
1398 1812 1516 1876 ingemuit
1529 1815 1611 1862 Amor.
1686 1811 1795 1862 llecturn

1009 1896 1102 1947 sivero
1115 1911 1162 1947 non
1174 1899 1453 1950 communemomnihus
1464 1903 1489 1949 et
1505 1914 1605 1950 serrum
1620 1900 1683 1950 lueri
1702 1900 1798 1953 πείσεαι

1041 1987 1212 2050 erasissem
1222 1988 1347 2050 llelenam,
1355 1987 1797 2049 stcliuiuscansahahuissethetlnm.

1221 2151 1274 2196 219.
1293 2147 1425 2195 ronrsstt
1441 2146 1590 2197 JUNlORlS.

1009 2308 1072 2362 Qum
1085 2301 1216 2365 pulchrum
1228 2303 1254 2351 et
1262 2302 1360 2352 cunetis
1374 2300 1503 2351 amabilem
1517 2302 1709 2363 llorem-lloruit,

1042 2403 1097 2453 qnae
1110 2389 1162 2439 sola
1171 2390 1311 2439 Gratiarum
1322 2389 1373 2439 lilia
1381 2390 1478 2452 carpsit,

1009 2476 1172 2539 non-amplius
1185 2476 1447 2526 aurcolreno-rectum
1462 2476 1539 2525 cernit
1552 2489 1652 2526 cursum
1662 2475 1721 2525 solis

1040 2564 1110 2624 Lais3
1126 2564 1170 2614 sed
1179 2562 1327 2614 obdormirit
1338 2576 1452 2613 somnum
1464 2563 1589 2624 debitum,

1009 2653 1142 2712 consistis,
1156 2653 1309 2715 ctjnrenum
1320 2650 1498 2713 rivalitatibus,
1509 2654 1534 2701 et
1543 2651 1678 2701 amantium
1709 2651 1791 2716 [coris.

1044 2739 1240 2789 rellieationibua
1254 2741 1279 2788 et
1300 2740 1566 2789 secretorum-conscire
1582 2739 1690 2790 lucemus
1708 2740 1797 2791 valedi-

1179 2905 1232 2948 220.
1251 2899 1401 2948 nGnTfflAE
1417 2899 1621 2948 SCHOLASTICI

1013 3049 1112 3099 vadens
1136 3050 1258 3115 Ephyram
1280 3048 1468 3113 (corinthum)
1488 3062 1576 3100 versus
1590 3047 1732 3114 sepulcrum
1747 3049 1798 3098 ridi

1040 3137 1121 3187 Laidis
1129 3137 1236 3198 veteris,
1251 3142 1280 3188 ut
1291 3138 1423 3201 inscriptus
1435 3137 1524 3189 titulus
1535 3137 1633 3188 indicat.
1649 3135 1799 3201 [juxtarlam

1010 3231 1045 3277 Ac
1059 3227 1184 3277 lacrimam
1191 3228 1319 3289 instillans,
1332 3248 1345 3271 «
1357 3228 1454 3287 Valeas,
1468 3228 1565 3288 mulier,
1585 3241 1642 3278 uam
1654 3241 1687 3278 ex
1703 3228 1768 3277 lama

1043 3334 1055 3358 ι
1073 3314 1189 3364 misereor
1202 3316 1254 3377 tui,
1268 3336 1279 3358 u
1293 3314 1358 3376 dixi,
1376 3336 1388 3359 u
1403 3329 1480 3378 quam
1492 3317 1551 3366 olim
1562 3329 1611 3365 non
1622 3315 1674 3365 ridi
1697 3315 1800 3380 [Lethen

1012 3423 1025 3446 α
1041 3401 1078 3453 Ah
1089 3405 1239 3467 quantopere
1254 3405 1375 3466 juranum
1392 3404 1503 3454 mnium
1519 3404 1657 3467 pupugistil
1671 3402 1721 3453 Sed
1739 3416 1797 3453 ecco

1045 3490 1797 3555 aincolispulehritudinemintellurepostquamdeposuistiu

1249 3801 1307 3849 ²¹9·
1321 3801 1426 3833 romarii
1439 3800 1566 3845 nunionis,

1338 3891 1369 3940 de
1382 3889 1472 3940 endem.

1012 4003 1072 4063 Qum
1081 3999 1183 4050 lormosa
1195 4001 1261 4067 prius
1273 4001 1388 4052 seruabat
1399 4002 1503 4051 amabile
1514 4000 1615 4063 eunctis,

1046 4082 1101 4132 Sola
1115 4092 1199 4133 tenens
1208 4083 1292 4147 llores,
1303 4084 1387 4133 Gratia
1399 4093 1481 4146 terna,
1493 4093 1560 4146 tuos,

1011 4167 1067 4215 Non
1080 4165 1146 4214 ridet
1159 4166 1332 4232 auricomijam
1341 4165 1397 4215 solis
1408 4165 1499 4215 lumina
1512 4165 1579 4226 Lais,

1047 4248 1118 4298 Victa
1129 4251 1171 4298 sed
1185 4260 1274 4300 aterno
1286 4250 1394 4300 membra
1404 4265 1490 4316 sopore
1497 4249 1575 4312 jacen

1012 4334 1110 4395 Vosque
1121 4332 1210 4397 epulas,
1224 4331 1283 4380 dixit
1292 4368 1299 4394 ,
1308 4333 1424 4398 juvenum
1437 4336 1573 4393 certamen,
1582 4327 1668 4376 amoris

1046 4412 1143 4478 lurgis,
1155 4422 1179 4462 et
1190 4413 1282 4461 arcanis
1294 4413 1340 4461 sula
1351 4413 1460 4466 lucerna,
1473 4410 1535 4459 ralc.

1244 4562 1300 4595 2²0.
1316 4561 1431 4595 aarum
1445 4559 1574 4607 ΟΙΔΤΟΙῙΙ,

1337 4653 1367 4703 de
1378 4652 1470 4704 endem.

1014 4765 1152 4815 Adveniens
1161 4765 1275 4832 Ephyren
1290 4782 1337 4832 qua
1353 4765 1399 4814 lert
1412 4765 1450 4814 ria
1463 4779 1536 4814 cerno
1548 4761 1719 4829 sepulchrum,

1048 4847 1140 4897 Littera
1153 4849 1217 4914 qnod
1230 4848 1313 4914 priscas
1323 4848 1408 4898 Laidos
1419 4863 1470 4897 esse
1479 4846 1563 4909 docet,

1015 4931 1132 4996 flensque
1143 4933 1258 4995 salutari,
1267 4937 1350 4999 Teque
1360 4941 1399 4993 ut,
1411 4930 1588 4998 pulcherrima,
1603 4928 1667 4988 disi,

1049 5017 1100 5066 Nec
1110 5017 1182 5066 risam
1195 5017 1304 5079 misem,
1316 5017 1391 5066 didita
1401 5016 1463 5065 lama
1476 5014 1541 5064 lacit.

1008 5098 1080 5155 Dlim
1097 5107 1132 5148 tot
1143 5101 1257 5164 jurenum
1270 5098 1358 5150 torsisti
1370 5106 1481 5165 pectora:
1496 5094 1588 5145 Lethen

1053 5184 1124 5232 Nunc
1133 5184 1201 5247 colis,
1211 5194 1236 5234 et
1248 5192 1312 5234 terra
1323 5181 1418 5234 condita
1429 5180 1506 5231 lorms
1516 5189 1556 5229 tua
1568 5187 1615 5233 est»
