3986 5950
188 375 228 434 tto
747 373 1004 435 ANTHOLOGIAE
1025 375 1231 438 PALATINAE

148 510 163 547 ὅ
188 505 289 580 Θαῦμα
302 502 331 562 δά
344 526 408 579 μοι,
421 507 477 571 πῶς
490 494 540 584 άρα
555 505 598 565 διά
612 510 736 583 γλαυκοῖο
748 507 859 587 φανεῖσα
1015 515 1105 566 Mirum
1114 530 1174 568 vero
1183 518 1302 583 estmihi,
1318 519 1443 583 quomodo
1452 520 1552 572 tandem
1562 525 1592 573 tu
1601 522 1692 586 quaein
1707 488 1800 574 ceroto

228 591 361 669 κύματος,
372 592 399 662 ἐξ
412 597 507 673 ὑγροῦ,
522 594 628 672 Κύπρι,
639 594 670 652 σὺ
683 600 736 673 πῦρ
752 594 868 661 τίτακας.
1048 605 1140 668 tinctu,
1154 605 1413 671 erhumorc,vcnus‚
1424 610 1505 673 ignem
1515 612 1645 675 pepereris.
1655 612 1801 678 [apparuisti

446 728 507 779 17⁷.
527 732 586 778 Tot
605 733 711 779 mor.
1294 742 1346 790 177.
1368 750 1521 794 asusnsu.

191 854 323 935 Κηρύασω
337 854 380 914 τὸν
395 853 518 936 Ἔρωτα,
529 858 574 917 τὸν
592 859 695 936 ἄγριον·
712 860 770 939 άρτι
781 859 832 939 γάρ
848 859 908 939 ἄρτι
1016 880 1145 928 Ριωσουοε
1156 884 1279 942 Amorem,
1294 881 1375 931 terum
1384 881 1455 932 illum
1466 902 1472 932 :
1482 882 1638 945 modoeuim,
1647 883 1722 935 modo

192 941 342 1041 ,ὄρθρινθτ
355 946 386 1002 ἐκ
396 944 484 1011 κοίτας
498 944 576 1026 ᾤχετ’
589 945 780 1023 ἀποπτάμενα·
1045 966 1435 1028 prima-tueeexcunntavotavtt.
1723 972 1797 1039 [uus;

201 1032 268 1089 Εστῑ
284 1030 306 1089 δ’
319 1034 404 1099 imit
415 1033 607 1115 γλυκθδακρυς,
616 1035 744 1109 sissinius,
755 1036 832 1110 ὧκθι,
845 1035 970 1116 impiis,
1014 1056 1058 1105 Est
1071 1059 1155 1107 autern
1168 1070 1231 1121 puer
1239 1056 1464 1120 dulce-lacrimans,
1475 1060 1597 1123 ganutus,
1608 1059 1682 1123 celer,
1695 1061 1796 1124 impavi-

227 1116 294 1197 σιμά
303 1122 398 1200 γελῶν,
409 1121 526 1202 πτερόεις
538 1127 625 1197 νῶτα,
639 1124 838 1206 ραρετρορύρος.
1046 1140 1443 1205 aduncis-naribusridens,alatus
1451 1144 1795 1211 terga,pharetram·gesteus.

147 1209 160 1247 ⁵
189 1206 293 1288 ssnrpbc
307 1210 330 1266 δ’
341 1209 426 1269 οὐκέτ’
440 1209 494 1291 ἔχω
510 1214 615 1292 φράζειν
629 1213 706 1280 τίνος·
721 1212 780 1273 αύτε
798 1212 848 1291 γάρ
862 1212 959 1293 Αἰθὴρ,
1015 1230 1093 1279 Patris
1103 1243 1161 1281 rcro
1171 1230 1510 1297 nonhaheodioereoujusstt
1522 1227 1657 1285 :necenim
1667 1235 1761 1299 AEthcr,

228 1300 256 1354 ού
272 1294 349 1356 Χθὼν
365 1297 428 1378 φησί
442 1307 527 1358 τεκεῖν
544 1299 588 1359 τὸν
602 1299 714 1379 θρασύν,
733 1302 762 1361 αθ
777 1302 913 1381 Πέλαγος·
1045 1331 1094 1368 non
1106 1319 1401 1385 Tellusaitsepeperisse
1415 1321 1548 1385 audacem,
1565 1324 1732 1388 nouretugus·

188 1382 273 1461 πάντγΙ
283 1383 334 1464 γάρ
346 1385 390 1444 καί
403 1396 484 1445 πᾶσιν
497 1388 652 1467 ἀπέχθεται.
669 1386 739 1448 ’nti’
752 1390 859 1467 ἐσορᾶτε
1014 1404 1106 1470 ubique
1122 1407 1219 1458 enimet
1231 1408 1345 1459 omnibus
1357 1408 1453 1460 inrisus
1462 1412 1509 1460 est.
1520 1413 1552 1460 at
1561 1410 1715 1474 speculante

228 1471 266 1551 μή
282 1497 332 1534 που
346 1478 391 1532 ν’ύν
406 1477 503 1555 ψυχαῖς
513 1477 582 1535 ἄλλα
597 1477 684 1550 τίθησι
698 1476 767 1536 λίνα.
1045 1493 1148 1544 neforto
1160 1507 1227 1544 nune
1238 1495 1325 1545 animis
1336 1495 1384 1546 alia
1395 1490 1559 1547 tendat'retia.

188 1560 283 1621 Καίτοι
294 1561 389 1635 κεῖνος,
404 1563 458 1622 ἰδοὺ
470 1608 478 1636 ,
491 1566 549 1643 περί
561 1564 671 1644 φωλεόν.
688 1562 729 1633 Ού
744 1587 778 1640 με
792 1563 918 1637 λέληθας,
1015 1580 1089 1642 Atqui
1102 1594 1188 1631 eccum
1199 1581 1285 1633 iilnmt
1300 1583 1364 1633 circa
1372 1583 1461 1635 cubile.
1473 1586 1527 1635 Non
1535 1585 1629 1636 tatuini
1639 1598 1679 1636 me

136 1661 160 1698 ¹⁰
225 1649 328 1729 τοξότα,
344 1651 493 1733 Ζηνοφίλαι
508 1648 612 1729 ύμρασι
624 1651 812 1733 κρυπτόμενοι.
1048 1667 1183 1731 sagittaria,
1199 1668 1461 1733 zenopnitamoeulis
1469 1673 1642 1723 noceultans.

446 1800 506 1850 178.
527 1802 586 1847 ΤΟΥ
604 1801 710 1849 ΑΥΤΟΥ.
1296 1817 1348 1864 178.
1371 1824 1518 1867 atnsnttst.

187 1921 350 2002 Πωλείσθω,
367 1926 413 1984 καλ
428 1928 525 2006 ματρὸς
540 1927 575 1986 ἔτ’
587 1930 615 1985 ἐν
629 1926 750 1986 κόλποισι
764 1925 907 2000 καθεύδων,
1014 1934 1150 1997 vendatur,
1166 1935 1280 1999 quamvis
1292 1935 1501 1988 matrisadhucin
1510 1938 1568 1989 sinu
1579 1937 1711 2000 dormiens,

226 2009 372 2071 πωλείσθω.
388 2011 426 2072 Τί
440 2012 468 2070 δι’
483 2038 527 2091 μοι
539 2015 569 2073 τὸ
583 2014 664 2096 θρασύ
679 2017 756 2074 τοῦτο
766 2012 869 2094 τράφειν
877 2037 886 2090 3
1045 2023 1182 2074 vendaturt
1198 2022 1265 2082 Quid
1276 2023 1395 2085 meinrat
1406 2028 1435 2075 ut
1447 2025 1495 2075 hoc
1506 2026 1585 2076 audax
1598 2028 1720 2077 nutriam?

186 2096 230 2155 καί
246 2098 296 2177 γάρ
315 2098 393 2178 σιμὸν
405 2099 453 2181 ἔρυ
468 2103 514 2161 καὶ
528 2101 692 2182 ὑπόπτερον,
712 2102 780 2181 άκρα
795 2101 818 2160 δ’
832 2099 924 2168 ὄνυξιν·
1014 2125 1120 2174 namque
1132 2110 1364 2163 simumnatumest
1373 2114 1506 2175 statatum,
1515 2114 1663 2166 etaccrrime
1675 2117 1797 2182 unguibus

226 2184 322 2260 κνίζει,
337 2188 383 2247 καί
398 2191 488 2249 κλαῖον
502 2188 589 2248 πολλὰ
603 2188 702 2265 μεταξύ
715 2192 790 2270 γελᾷ·
1045 2199 1151 2262 redient,
1161 2202 1187 2251 et
1198 2212 1264 2264 saepe
1272 2198 1422 2266 dum-plorat
1434 2201 1532 2252 interim
1544 2203 1622 2264 ridet,

150 2298 162 2334 s
186 2271 248 2352 πρὸς
269 2274 291 2333 δ’
309 2276 348 2335 ἔτι
363 2277 454 2336 λοιπὸν
468 2276 608 2357 ἄτρεπτον,
625 2277 762 2350 teneto,
775 2275 818 2346 eti
835 2278 966 2357 δεδορκὸς,
1015 2290 1134 2350 praeterea
1145 2287 1219 2339 etiam
1228 2288 1338 2353 pertinax
1345 2293 1396 2353 est,
1404 2290 1544 2354 gencium
1552 2291 1766 2356 acerbespectans,

225 2361 324 2443 άγριον,
343 2364 396 2424 οὐδ’
408 2367 475 2445 αὐτῇ
490 2364 570 2443 μητρί
582 2365 645 2445 φίλῃ
657 2365 772 2425 τιθασόν·
1045 2375 1136 2435 terum,
1146 2387 1226 2439 neque
1235 2375 1281 2440 ipsi
1294 2376 1368 2427 etiam
1380 2377 1455 2427 matri
1464 2377 1653 2428 sotadeorum:

185 2447 271 2509 πάντα
280 2452 366 2532 τίρας.
387 2453 490 2535 Τοιγὰρ
504 2453 681 2534 πεπράσεται.
699 2452 734 2515 Et
747 2478 784 2522 τις
801 2453 935 2521 ἀπόπλους
1011 2463 1110 2512 omuino
1119 2465 1264 2515 monstrum.
1278 2466 1365 2527 ltaque
1374 2464 1503 2516 vendetur.
1516 2466 1541 2516 st
1551 2466 1608 2529 quis
1618 2470 1751 2519 arceturus

225 2537 339 2619 ἔμπορος
353 2542 476 2600 ὠνεῖσθαι
489 2544 572 2601 παῖδα
587 2543 668 2619 θέλει,
680 2544 808 2622 προσίτω.
1044 2553 1165 2602 mereator
1178 2564 1259 2602 emam
1270 2565 1377 2616 puerum
1388 2552 1456 2613 vult,
1472 2553 1591 2604 accedito.
1684 2554 1795 2617 tuendo,

186 2627 282 2689 Καίτοι
296 2626 408 2703 λίσσετ’,
426 2629 481 2688 ἰδού
492 2675 500 2709 ,
513 2629 712 2709 δεδακρυμένος.
727 2629 769 2691 Ού
784 2631 808 2690 α’
819 2631 858 2690 ἔτι
872 2634 964 2690 πωλῶ·
1013 2640 1170 2700 Quamquam
1186 2642 1309 2702 precatur,
1324 2652 1395 2701 cece,
1416 2639 1623 2690 lacrimabundus.
1640 2642 1693 2689 Non
1708 2641 1759 2704 jaru
1772 2645 1797 2691 te

134 2732 160 2770 ιο
225 2716 324 2795 θάρσει·
338 2718 472 2797 Ζηνορίλαρ
484 2717 625 2798 σύντρορος
638 2709 689 2778 ὦδε
705 2718 777 2795 μίνε.
1048 2725 1346 2777 habe-bouum-auimum:
1357 2726 1494 2792 zenophilus
1506 2728 1608 2778 conviva
1620 2727 1662 2778 htc
1670 2741 1750 2778 manc.

444 2863 505 2914 179.
525 2867 584 2912 ΤΟΥ
601 2867 708 2914 ΔΥΓΟΥ.
1299 2871 1352 2919 179.
1376 2878 1523 2921 EIUSDEM.

186 2990 239 3052 Noti
253 2990 300 3049 τὰν
311 2964 530 3070 Κύπριν,”Κρως,
541 2990 626 3072 ρλίξω
636 2989 669 3050 τά
683 2990 717 3050 σά
731 2989 819 3050 πάντα
831 2991 966 3073 πυρώσας,
1013 3004 1057 3052 Nae
1069 3014 1113 3066 per
1125 3003 1226 3066 cyprin,
1237 3007 1320 3066 Amor,
1330 3002 1475 3053 comburam
1482 3003 1537 3066 igue
1545 3005 1590 3053 tua
1599 3004 1688 3064 onusta,

224 3079 285 3148 τόξα
300 3102 329 3138 τι
343 3078 389 3137 καὶ
406 3079 538 3151 Σκυθικὴν
550 3078 650 3138 ἰοδόκον
669 3077 812 3161 ραρίτρην·
1028 3090 1143 3154 sagittas,
1154 3092 1179 3142 et
1187 3089 1327 3153 Scythicam
1335 3091 1568 3154 quaten-eontinet
1579 3089 1739 3155 pharetram:

184 3168 283 3250 ρλέξω,
298 3169 352 3228 ναί.
363 3168 399 3230 Τί
409 3168 511 3246 μάταια
523 3170 618 3251 γελᾷς,
632 3168 753 3245 καίσιμθ
768 3166 886 3249 σεσηρὼς
1013 3179 1171 3243 ooruburam,
1187 3182 1241 3230 net
1258 3179 1325 3239 Quid
1339 3179 1444 3230 inaniter
1459 3180 1523 3232 rides
1543 3183 1569 3231 et
1584 3179 1796 3231 aduncis-neribus

224 3256 462 3339 t
490 3343 843 3424 ψ
1248 3264 1796 3330 ι

404 3369 424 3403 π
609 3369 675 3404 νωκ
692 3368 741 3403 πτε
792 3369 808 3403 κ
846 3368 861 3401 α
1213 3392 1220 3414 ,
1533 3393 1539 3415 ,

138 3370 155 3406 5
221 3369 380 3515 χύλίιθθίύαύ
395 3370 493 3515 σρίγίύν
509 3443 563 3502 σοῖς
573 3433 634 3515 περὶ
648 3432 729 3494 ποσσὶ
743 3368 838 3507 indiqu.
864 3369 892 3421 <s
1042 3453 1134 3491 numm
1144 3365 1262 3506 stringtiibl
1269 3366 1482 3506 mosiireapeues
1491 3441 1642 3506 compedem.
1654 3441 1795 3506 [mesticum

184 3523 279 3583 Καίτοι
290 3525 424 3601 Καδμεῖοι
440 3523 533 3605 κράτος
549 3522 665 3601 οἴσομεν,
680 3524 705 3583 εί
716 3545 744 3582 σε
757 3523 882 3604 πάροικον
1011 3533 1168 3601 Quamquam
1183 3529 1316 3580 Cadmeam
1329 3529 1458 3580 riomriam
1469 3529 1665 3594 reportabimus,
1682 3530 1704 3580 si
1715 3533 1741 3581 te
1753 3529 1786 3579 do

182 3732 235 3778 lloe
248 3727 326 3794 potius
335 3727 420 3787 miror,
434 3727 510 3792 pelagi
521 3732 604 3777 Venus
616 3739 670 3778 orta
678 3729 797 3796 profundo
1045 3732 1143 3775 vaeneat
1156 3740 1163 3775 ι
1177 3725 1242 3774 hune
1253 3740 1343 3774 saevum
1352 3742 1396 3775 cur
1412 3741 1455 3790 ego
1467 3742 1561 3791 semper
1572 3727 1653 3776 dam?

214 3812 250 3858 Ex
264 3806 320 3874 ipsis
333 3808 412 3872 ignem
423 3807 465 3873 qui
477 3809 599 3871 generarit
612 3810 690 3874 aquis.
1010 3808 1088 3858 Simus
1097 3809 1161 3856 enim
1171 3807 1302 3873 pennisque
1314 3808 1387 3871 ceter,
1398 3808 1543 3873 summisque
1557 3809 1676 3859 timendus

1044 3889 1168 3954 Unguibus
1176 3897 1222 3951 est,
1237 3890 1321 3939 mediis
1331 3889 1395 3939 ridet
1407 3900 1431 3940 et
1443 3891 1468 3939 in
1478 3890 1597 3956 lacrymis.

475 3977 530 4023 Ῑ77·
550 3977 672 4011 ¹³⁰⁵⁰¹²¹=
1009 3972 1127 4022 Garrulus
1135 3980 1181 4033 est,
1193 3972 1280 4031 audax,
1292 3980 1316 4020 et
1331 3972 1428 4021 uibrans
1442 3971 1544 4034 lumina,
1556 3979 1631 4021 mater

1043 4058 1097 4120 Ipsa
1109 4061 1187 4119 potest
1195 4052 1245 4116 ejus
1254 4052 1283 4101 de
1295 4052 1389 4102 feritate
1401 4052 1479 4119 queri.

1010 4135 1145 4200 Prodigium
1157 4143 1222 4185 totus
1237 4133 1303 4199 :jani
1314 4143 1407 4184 veneat
1420 4150 1426 4185 ε
1443 4133 1491 4184 huc
1502 4134 1566 4199 ades,
1581 4133 1628 4198 eja,

1042 4222 1165 4269 Mercator
1176 4232 1278 4284 puerum
1287 4217 1307 4266 si
1320 4216 1374 4282 quis
1383 4215 1474 4266 habere
1484 4216 1560 4282 cupis.

1009 4305 1045 4351 En
1057 4309 1124 4366 rogat
1135 4310 1160 4352 et
1174 4299 1284 4351 lacrimat
1298 4317 1306 4352 z
1319 4316 1418 4368 paream
1426 4310 1450 4350 te
1461 4301 1574 4364 rendere,
1587 4301 1662 4365 gaude
1671 4300 1686 4361 ,'

1042 4384 1155 4449 Sedeum
1167 4382 1298 4450 Zenophiie
1308 4382 1361 4432 rire
1372 4398 1491 4448 maneque
1502 4398 1565 4434 mea.

178 4099 210 4146 Se
224 4094 338 4147 subduxit
348 4098 424 4146 Amor
433 4096 511 4163 prima
523 4097 594 4148 modo
606 4098 661 4147 luce
672 4097 748 4147 cubili

214 4179 355 4230 advolitans
370 4195 376 4229 ε
389 4179 462 4230 index
473 4180 546 4239 iliius,
560 4180 605 4247 eja,
616 4181 670 4248 quis
681 4186 735 4232 esti

181 4261 244 4311 Sima
257 4277 318 4328 puer
329 4261 403 4325 ridet,
414 4261 489 4325 celer,
503 4263 694 4331 intrepidusque,
705 4264 857 4330 loquaxque:

213 4343 289 4393 Duloa
300 4343 343 4396 det
354 4353 378 4395 et
391 4345 476 4411 pennis
487 4345 583 4396 inciitus
597 4355 622 4397 et
633 4345 756 4413 pharetra.

180 4426 235 4473 Non
247 4425 324 4475 dicam
338 4442 387 4492 quo
396 4437 465 4494 patre
475 4437 540 4478 satus
553 4444 560 4479 ι
573 4428 681 4494 genuisse
693 4429 797 4480 ferocem

177 4517 181 4521 ’
213 4509 243 4555 Et
253 4506 331 4573 Polus,
341 4509 466 4573 etTetius,
482 4520 506 4560 et
516 4510 592 4560 Maris
604 4512 668 4561 unda
681 4522 779 4577 negant.
1263 4574 1268 4583 ,
1304 4538 1358 4585 ¹79·
1376 4536 1495 4570 noenu.

179 4586 298 4638 Omnibus
307 4591 405 4639 omnino
417 4593 494 4655 gravis
505 4603 540 4643 est
554 4609 561 4643 t
574 4595 698 4653 attendite,
713 4611 744 4646 ne
756 4611 805 4661 qua

213 4669 318 4721 meantis
325 4672 411 4723 mimi,
422 4689 486 4724 nunc
498 4692 593 4742 quoque
603 4677 643 4728 fila
654 4687 731 4743 pm,
1007 4660 1053 4706 Per
1066 4661 1186 4706 Venerem
1198 4655 1299 4706 flammis
1311 4673 1379 4707 uram
1389 4657 1562 4726 crepitantibus
1574 4672 1651 4718 arcus,

181 4758 216 4804 En
223 4754 340 4804 mem
354 4772 385 4805 ,n
397 4771 436 4806 m,
449 4757 561 4823 ,ΝΜ
573 4758 663 4818 funere,
676 4777 787 4826 nequam,
1041 4742 1071 4787 Et
1079 4737 1227 4804 pharetram,
1239 4754 1291 4804 que
1302 4738 1349 4789 tert
1360 4740 1415 4799 tela,
1430 4739 1532 4807 Cupido,
1550 4749 1624 4789 tunm.

213 4838 310 4903 spicula
322 4840 465 4907 Zenophiqe,
476 4841 518 4905 qui
527 4840 587 4905 jacis
601 4859 630 4892 a
642 4844 718 4894 oculis
726 4848 736 4895 f
1008 4822 1058 4870 Cur
1067 4819 1155 4868 etenim
1166 4818 1252 4868 simum
1266 4829 1385 4886 torquens,
1398 4838 1459 4887 puer
1474 4819 1593 4887 improbe,
1608 4836 1691 4870 nasum

1040 4902 1113 4952 Rides
1121 4906 1133 4952 i
1141 4901 1284 4952 sardonicus
1294 4903 1343 4968 jam
1354 4903 1399 4953 tibi
1409 4905 1470 4953 risus
1483 4903 1539 4953 erit.

475 4996 531 5056 17⁸·
550 5011 671 5045 nusum,
1007 4982 1083 5045 Quid,
1097 4982 1140 5032 tibi
1151 4983 1171 5032 si
1185 4999 1275 5048 pennas
1284 4999 1397 5045 resecem,
1408 4984 1495 5049 quibus
1508 4999 1565 5033 aera
1578 4982 1665 5043 sulcas,
1683 4979 1686 4985 ’

1040 5068 1071 5113 Et
1079 5064 1138 5115 dura
1152 5066 1250 5131 rotigen
1260 5066 1375 5132 compede
1388 5081 1459 5116 crura
1469 5065 1533 5115 tibi?

183 5130 288 5192 i'aesseib
300 5128 326 5179 in
338 5131 421 5182 maun
433 5134 586 5199 quantumvis
595 5134 700 5187 dormiat
712 5136 792 5189 ulnis:
1007 5145 1053 5196 Sed
1067 5146 1169 5198 &dures
1183 5147 1246 5198 toret
1254 5146 1369 5211 victoria3
1381 5147 1401 5197 si
1412 5145 1472 5197 mihi
1485 5154 1565 5197 tecum
