3970 5944
209 371 266 430 tto
767 368 1023 431 ANTHOLOGIAE
1054 369 1258 430 PALATINAE

165 512 180 552 t
203 497 270 579 χῶτι
286 521 319 576 με
333 498 435 579 νύμφαν
448 489 526 558 sicas
541 500 597 580 ἔχει
612 500 705 580 τάφος,
720 503 812 559 εἴπατε
826 501 870 560 καλ
882 502 926 560 τό·

243 586 311 668 χάιτι
326 587 415 666 πατήρ
431 590 459 662 μ’
471 589 559 647 ἐκάλει
574 591 708 666 Βαυκίδα,
723 589 792 669 χῶτι
805 590 877 668 γένος

202 675 303 749 Τηνία,
317 678 352 742 ὣς
366 678 478 734 alteru·
493 675 538 734 καὶ
553 675 609 735 δττι
621 700 665 752 μοι
680 677 697 734 ἀ
713 678 857 756 συνιεαιρὶς

243 761 344 843 'lipara'
359 765 385 823 tv
398 764 489 845 τύμύῳ
499 764 602 845 γράμμ’
614 765 726 845 ἐχάραξε
740 765 808 826 τόδε.

420 915 489 963 711.
513 908 774 967 ΑΝΤΙΠΑἸῬΟΥ.

203 1045 274 1117 Ἤδη
289 1044 336 1121 μὲν
351 1042 466 1123 κροκόεις
483 1046 637 1105 Πιτανάτιδι
648 1046 759 1106 πίτνατο
773 1045 863 1129 νύμφᾳ

244 1132 426 1212 Κλειναρίτφι·
440 1131 537 1211 ρυαάων
552 1132 651 1200 παστδς
663 1134 714 1192 ἔσω
726 1135 862 1213 θαλάμων,

204 1221 344 1297 καδεμόνες
360 1220 382 1278 δ’
396 1157 511 1292 ἧλζποντο
527 1220 658 1282 διωλένιον
670 1223 754 1303 φλόγα
768 1223 865 1290 πεύκας

244 1310 318 1390 ἅψειν
335 1307 493 1388 ἀμφοτέραις
504 1307 659 1387 ἀνεχόμενοι
672 1310 824 1387 παλάμαις,

203 1395 288 1473 Δημὼ
302 1395 348 1455 καλ
361 1395 508 1463 Νίκιππος·
523 1396 700 1477 ἀφαρπάξασα
713 1397 739 1456 δὲ
754 1405 843 1465 νοῦσος

234 1482 401 1563 ,παρθενικθιν
415 1483 495 1552 λάθας
510 1484 605 1562 ἄγαγεν
620 1487 645 1552 ἐς
659 1485 783 1562 πέλαγος·

204 1570 322 1648 ἀλγειναδ
337 1572 361 1629 δ’
375 1572 503 1649 ἐκάμοντο
517 1572 668 1645 συνάλικες,
685 1574 744 1652 οθχὶ
757 1573 897 1655 θυρέτρων,

244 1660 313 1720 ἀλλὰ
326 1660 370 1720 τδν
385 1656 475 1721 Ἀίδεω
490 1667 649 1742 στερνοτυπῆ
664 1665 794 1740 πάταγον.

464 1807 730 1864 712.ΗΡΙΝΝΗΣ.

1032 513 1058 561 et
1069 510 1201 574 nympham
1214 523 1255 560 me
1266 509 1314 573 tegi
1325 509 1436 568 tumulo,
1448 521 1513 558 num
1526 507 1602 559 (licite
1612 507 1686 558 ctiam
1699 506 1760 564 hoc3

1064 603 1089 650 et
1101 603 1195 664 patrem
1204 613 1244 649 me
1253 611 1410 663 nuncupasse
1422 597 1566 658 Βαυείθειιι,
1582 600 1607 647 et
1619 610 1707 661 genere
1720 607 1776 645 esse

1033 688 1147 749 Tertiam,
1158 691 1186 738 ut
1197 687 1288 749 sciant3
1300 691 1326 738 et
1338 686 1399 736 mihi
1411 685 1634 736 unicam-sodalem

1065 776 1178 826 bunnam
1188 776 1213 826 in
1223 777 1320 827 tumulo
1329 777 1477 841 epigramma
1486 774 1534 826 hoc
1542 786 1653 826 exarasse

1296 916 1350 963 7¹1.
1369 913 1547 963 aurianum.

1034 1056 1090 1103 lam
1102 1067 1203 1104 crucem
1218 1053 1348 1105 Pitanatidi
1358 1056 1450 1104 amatus
1461 1057 1515 1104 erat
1528 1052 1644 1118 nymphae

1065 1144 1194 1194 clinaretae
1208 1157 1298 1194 aureos
1310 1143 1518 1208 lectus-nuptialis
1527 1144 1591 1194 intra
1602 1143 1739 1206 thalamos,

1034 1236 1195 1296 parentesque
1207 1233 1336 1295 sperabant
1350 1232 1534 1284 alte-sublatam
1548 1234 1671 1284 hammam
1681 1234 1759 1298 piceas

1065 1334 1276 1371 esse-accensuros
1289 1322 1401 1385 utrisque
1413 1322 1551 1373 attollentes
1563 1324 1663 1386 palmis,

1034 1411 1111 1460 Demo
1124 1412 1150 1460 et
1160 1410 1277 1473 Nicippus
1291 1432 1296 1459 ι
1310 1410 1432 1474 abripiens
1445 1413 1529 1462 autern
1542 1412 1643 1463 morbus

1065 1497 1195 1562 virginem,
1205 1499 1294 1549 Lethea
1303 1498 1404 1550 abduxit
1412 1500 1437 1548 iu
1446 1513 1533 1563 equor
1547 1518 1556 1552 ι

1035 1588 1118 1639 tristes
1130 1602 1188 1638 vero
1200 1590 1312 1639 lecerunt
1324 1590 1447 1653 equales,
1458 1590 1559 1641 minime
1571 1590 1694 1650 liminum,

1067 1676 1110 1726 sed
1120 1676 1260 1741 plutouium
1271 1678 1562 1742 cum-pectorisplauctu
1575 1679 1714 1744 strepitum.

1326 1822 1380 1867 712.
1399 1820 1537 1868 ERINNES.

207 1940 320 2015 Νύμφας
334 1940 464 2007 Βαυκίδος
476 1941 558 2018 ἔμμί·
570 1943 756 2003 πολυκλαύταν
772 1942 800 2002 δὲ
816 1945 958 2025 παρίρπων
1035 1963 1154 2026 Nymphae
1160 1962 1822 2030 Baucidissum3multumrlctletumautempraeterieus

247 2029 345 2087 στάλαν
359 2032 397 2108 τῷ
411 2028 480 2088 κατὰ
494 2038 541 2106 γᾶς
555 2035 631 2088 τοῦτο
645 2032 729 2108 λέγοις
743 2029 829 2116 Ἀίδᾳ·

1067 2052 1166 2114 cippum
1177 2052 1336 2101 subterraneo
1348 2050 1396 2101 hoc
1409 2051 1477 2103 dicas
1492 2053 1590 2104 Plutoni
1603 2074 1609 2104 :

207 2143 219 2169 ι
233 2116 367 2182 Βάεκανος
380 2114 448 2188 ἔστ’,
458 2112 542 2175 Ἀίδα·
557 2146 569 2170 ν
579 2117 612 2175 τθ
624 2119 652 2178 δά
662 2144 702 2179 τοι
713 2120 887 2199 καλδισάμαθ*
897 2127 989 2202 δρῶντι
1038 2161 1049 2183 ι
1064 2139 1298 2201 1ιιιίθυεεε,1>1ιιω.
1312 2161 1323 2184 ο
1334 2140 1388 2190 Tibi
1397 2143 1479 2191 autern
1492 2142 1594 2205 pulchra
1608 2143 1677 2206 signa
1690 2142 1818 2208 aspicienti

246 2205 385 2279 ὠμοτάταν
400 2208 519 2271 Βαυκοῦς
532 2208 682 2284 ἀγγελέοντι
697 2210 790 2288 τύχαν,

205 2296 241 2361 ab<
254 2293 302 2352 τδν
318 2291 401 2365 παῖδ’,
419 2292 559 2368 Ὑμέναιος
574 2295 613 2375 ἐφ’
625 2286 666 2363 αἶς
678 2296 779 2355 ἀείδετο
792 2297 919 2374 πεύκαις,

244 2380 329 2438 ταῖσδ’
340 2380 383 2438 ἀπὶ
397 2378 525 2446 καδεστθς
537 2379 630 2461 ἔφλεγε
645 2393 776 2466 πυρκαῖᾷ·

206 2466 295 2527 καὶσὺ
310 2468 371 2545 μὲν,
386 2457 408 2527 ἀι
422 2467 564 2544 Ὑμέναιε,
575 2471 667 2548 γάμων
684 2476 813 2550 μολπαίον
830 2476 918 2536 ἀοιδδιν

245 2558 270 2625 ἀς
283 2557 383 2639 θρήνων
397 2560 493 2637 γοερῶν
509 2557 612 2639 φθέγμα
629 2563 809 2642 μιθηρμόσαο.

420 2709 488 2759 aaa.
513 2703 773 2764 ΑΝΤΙΠΑΤΡΟΥ.

207 2840 363 2921 Παυροιπλς
378 2836 507 2919 Ἥρωνα,
521 2841 566 2901 καλ
580 2845 609 2902 oti
621 2847 770 2920 πολύμυθος
785 2852 899 2917 ἀοιδαῖς·

246 2932 305 2988 ἀλλ’
317 2929 412 3007 ἔλαχεν
428 2928 536 2996 Μούσας
549 2936 626 2990 τοῦτο
640 2933 670 2991 τδ
686 2936 760 3012 βαιδν
775 2937 846 3004 ἔπος.

206 3021 232 3078 Τ
232 3018 347 3095 οιγάρτοι
362 3015 466 3091 μνήμης
481 3017 529 3074 οὐκ
542 3017 686 3096 ἤμάροτεν,
703 3023 759 3082 οὐδὲ
776 3026 901 3101 μελαίνης

246 3105 347 3170 Νυκτδς
362 3102 414 3162 tal
428 3106 519 3182 ακιερῇ
535 3105 664 3167 κωλύεται
677 3111 797 3190 πτέρυγι·

207 3195 234 3252 αἱ
248 3194 271 3250 δ’
284 3192 455 3270 ἀναρίθμητοι
468 3195 568 3271 νεαρῶν
584 3198 702 3274 σωρηδὸν
718 3201 810 3260 ἀοιδῶν

246 3281 368 3361 μυριάδες
381 3280 466 3359 λήθη,
482 3279 560 3355 ξεῖνε,
577 3286 766 3362 μαραινόμεθα.

207 3368 338 3449 Δωΐτερος
349 3370 443 3428 κύκνου
459 3369 550 3448 μικρὸς
564 3371 636 3449 θρόος
649 3374 680 3444 ἠδ
693 3378 802 3435 κολοιῶν

246 3459 367 3539 κρωγμδς
381 3459 408 3516 ἐν
424 3458 550 3536 εἰαριναῖς
563 3462 715 3539 κιδνάμενος
726 3465 853 3546 νεφέλαις.

456 3614 520 3664 att.
541 3616 740 3679 namuurum.

209 3732 316 3808 Ῥήγιον
333 3734 448 3810 Ἰταλίης
462 3740 619 3817 τεναγώδεος
635 3740 715 3821 ἀκρον
730 3743 825 3821 ἀείδω,

249 3820 299 3879 αἰεὶ
312 3822 457 3902 Θρινακίου
469 3827 610 3905 γευομίνην
625 3827 732 3903 ύδατος,

208 3905 301 3966 ούνεκα
316 3907 358 3968 τδν
373 3912 495 3992 φιλέοντα
510 3914 590 3991 λύρην
604 3915 727 3995 φιλέοντά
742 3942 771 3978 τε
784 3924 880 3991 παῖδας

247 3993 354 4056 Ἰύυκον
370 4001 488 4081 εθφύλλιρ
503 4005 580 4071 θῆκεν
594 4003 644 4061 ύπδ
659 4005 772 4085 πτελέη,

208 4081 273 4154 ἡδέα
284 4085 369 4143 πολλὰ
384 4087 516 4147 παθόντα·
529 4087 610 4149 ailla
626 4091 649 4150 δ’
663 4092 707 4151 ἐπὶ
722 4095 822 4172 σάματι
836 4098 932 4159 κισσδν

247 4170 345 4250 χεύατο
359 4175 403 4234 καί
418 4178 511 4236 λευκοῦ
526 4180 653 4258 φυταλιὴν
665 4183 796 4259 καλάμου.

1067 2228 1226 2278 surissimam
1237 2229 1334 2278 Beuum
1343 2229 1493 2280 nunciabant
1505 2230 1644 2290 somonam,

1037 2316 1065 2364 ut
1076 2315 1193 2377 puellam,
1206 2317 1354 2377 Hymenaeus
1368 2315 1399 2365 ad
1408 2330 1471 2379 quas
1484 2317 1617 2369 canebatur
1630 2320 1712 2382 taces,

1068 2402 1106 2452 his
1117 2416 1186 2452 socer
1199 2403 1334 2454 combussit
1344 2404 1455 2470 iar-rogo:

1036 2494 1095 2542 ettu
1103 2491 1215 2555 quidem,
1226 2495 1389 2555 ollymenaee,
1399 2496 1541 2557 nuptiarum
1551 2500 1661 2559 argutam
1676 2498 1821 2549 emtilcnam

1067 2580 1092 2629 iu
1105 2580 1263 2643 eiulationum
1276 2581 1392 2631 tlebilium
1404 2595 1490 2632 vocem
1500 2583 1629 2636 deflexisti.

1305 2726 1359 2772 713.
1377 2725 1551 2776 intrusum.

1037 2863 1302 2911 Paucorum-versuum
1319 2863 1421 2924 Erinna,
1431 2868 1457 2914 et
1467 2879 1516 2916 non
1526 2867 1673 2933 multiloqua
1685 2870 1809 2931 canthum

1067 2949 1112 2999 sed
1123 2953 1272 3001 nactum-est
1286 2954 1369 3002 Musas
1382 2950 1429 3002 hoc
1439 2967 1543 3016 parvum
1554 2970 1660 3008 cannen.

1036 3038 1156 3096 Quocirca
1168 3038 1284 3089 memoria
1296 3053 1343 3089 non
1352 3040 1457 3103 excidit,
1472 3056 1552 3106 neque
1563 3045 1638 3110 nigrae

1067 3128 1151 3178 Noctis
1159 3129 1207 3178 suh
1216 3128 1331 3180 umbrosa
1340 3131 1468 3183 cohibetur
1478 3134 1527 3194 ula3

1035 3216 1171 3267 innumerae
1181 3218 1371 3281 sarcinularum
1384 3222 1501 3286 gregatim
1513 3228 1641 3288 poetarum

1066 3305 1188 3368 myriades
1200 3305 1333 3367 oblivione,
1343 3307 1446 3372 hospes,
1459 3314 1642 3366 marceschnus.

1036 3393 1118 3443 Potior
1130 3394 1200 3458 cygni
1210 3407 1302 3458 parvus
1313 3408 1402 3460 sonus,
1415 3410 1490 3460 quam
1500 3402 1652 3465 graculorum

1067 3482 1174 3533 crocitus
1187 3484 1211 3532 ha
1224 3483 1305 3532 remia
1317 3482 1443 3547 dispersus
1455 3487 1572 3540 nubibus.

1290 3643 1342 3689 714.
1366 3644 1566 3687 ANONYMUH.

1037 3760 1157 3827 Rhegium
1169 3766 1246 3816 ltaliae
1254 3769 1370 3831 palustris
1381 3776 1520 3823 extremum
1533 3788 1609 3839 cauo,

1072 3864 1152 3914 usque
1162 3852 1314 3908 Thrinaciam
1328 3863 1429 3922 gustans
1441 3876 1544 3926 aquam,

1038 3937 1106 4000 qnod
1120 3944 1241 3993 amantem
1252 3944 1312 4006 lyra
1321 3950 1494 4013 amantemque
1502 3965 1635 4015 puerorum

1069 4027 1170 4092 Ibycum
1181 4032 1465 4095 pulchra-totia-hahentt
1478 4041 1562 4104 posuit
1572 4043 1620 4093 sub
1634 4045 1738 4108 populo,

1038 4113 1119 4167 ducis
1127 4118 1205 4170 multa
1212 4126 1351 4185 expertum3
1363 4127 1515 4193 multamque
1523 4145 1598 4195 anper
1604 4134 1701 4184 tumulo
1708 4133 1823 4185 heduam

1070 4203 1135 4256 lum
1146 4208 1171 4257 et
1183 4207 1232 4259 albi
1243 4210 1416 4275 plantationem
1427 4216 1522 4267 calami.

221 4274 1819 4349 ἡκκ-

492 4353 550 4412 713.
569 4369 718 4417 enumerat,

525 4450 555 4500 de
568 4454 671 4506 Erinnae.

210 4551 287 4597 Pauca
302 4551 400 4615 quidem
412 4557 499 4606 cecinit
508 4559 578 4609 nobis
589 4562 679 4612 Erinna
689 4600 695 4624 ,
707 4565 809 4631 loquelae

243 4632 317 4679 Parca
325 4667 332 4693 ,
340 4634 382 4682 sed
393 4634 440 4684 hoc
451 4641 532 4687 Musas
545 4650 591 4689 tam
605 4643 679 4693 breve
690 4662 787 4698 carmen
804 4647 885 4703 haber.

210 4711 261 4758 Nec
275 4708 320 4759 tuti
331 4712 422 4764 asarum
431 4717 526 4768 deserta
536 4720 617 4771 farore
632 4740 639 4773 ι
656 4742 700 4775 nee
712 4728 777 4778 illam

244 4792 388 4857 Implicitam
405 4800 490 4861 pennis
503 4817 551 4850 nox
561 4804 617 4867 tegit
627 4815 678 4855 atra
688 4809 745 4860 airis.

212 4877 245 4923 ,tt
256 4891 298 4924 nos
309 4876 401 4928 interea
415 4891 494 4932 vatum
509 4901 635 4937 numerosa
644 4905 761 4941 novorum

245 4959 322 5010 millia
340 4962 405 5012 nube
418 4965 474 5029 tegit
488 4968 597 5032 proxima
611 4987 673 5037 saepe
684 4973 743 5025 dies.

213 5043 275 5090 Nam
287 5044 371 5094 melius
385 5047 454 5113 cycni
468 5065 565 5100 mrmen
577 5051 650 5104 breve
657 5091 664 5117 ,
674 5073 746 5122 quam
755 5076 828 5112 sonus
839 5065 917 5117 omnis

247 5126 325 5186 Quem
334 5129 422 5194 spargit
435 5148 519 5181 sernas
531 5136 639 5199 graculus
654 5138 678 5187 in
688 5141 795 5194 uciurlns.

1334 4403 1391 4454 7¹4·
1410 4412 1524 4462 incanui,

1369 4514 1399 4564 de
1411 4515 1495 4581 Ιύγεο.

1041 4620 1149 4687 Rhegion
1158 4641 1292 4692 equoreanr
1305 4632 1388 4692 laudo,
1400 4653 1448 4701 quo
1461 4637 1509 4687 tine
1522 4639 1624 4690 diremta

1074 4706 1210 4757 Trinacrius
1223 4712 1295 4762 tellus
1309 4717 1369 4765 Itala
1378 4719 1542 4785 sentithquas.

1041 4788 1132 4855 Ibycon
1146 4791 1211 4854 huc,
1226 4799 1267 4861 qui
1282 4799 1321 4849 tila
1334 4801 1392 4866 lyrae
1400 4817 1536 4869 puerosque
1545 4806 1656 4869 colebat,

1075 4877 1126 4922 llac
1136 4874 1201 4925 ulmo
1218 4880 1292 4930 voluit
1305 4883 1378 4932 molle
1393 4884 1486 4936 virente
1496 4888 1553 4951 tegi,

1041 4957 1137 5005 Passum
1152 4975 1211 5009 saeua
1225 4962 1303 5013 airum
1313 4966 1441 5031 miserans,
1452 4969 1596 5036 hederaeque
1604 4974 1759 5041 sepulchrum

1075 5043 1209 5094 Fraudibus
1219 5056 1244 5097 el
1256 5049 1332 5100 niveis
1340 5052 1416 5104 cinxit
1428 5053 1593 5106 arundinibus.
