3970 5944
214 419 275 481 etit

215 546 322 629 ῥηϊδίως
336 543 458 604 πείθοντα
473 539 640 601 δικασπολον·
656 537 722 596 ἀλλὰ
738 538 850 605 δικάζων

257 634 351 695 οὔποτε
365 636 411 702 τῆς
424 634 500 708 ὀρθῆς
514 630 568 690 οὐδ’
581 626 641 687 ὅσον
656 626 795 703 ἐτράπετο.

406 783 475 835 574.
499 770 668 834 ΑΓΑΘΙΟΥ
689 770 804 831 ΣΧΟΛ.

218 913 321 991 Θεσμοὶ
337 911 384 988 μίν
396 913 546 987 μιμίληντο
562 909 682 981 συνήθεες
698 908 866 989 Ἀγοιθονίκῳ·

263 1003 352 1080 Μοῖρα
366 999 394 1058 δὲ
409 998 550 1075 δειμαίνειν
565 999 594 1055 οὔ
612 997 723 1067 δεδάηκε
737 994 844 1073 νόμους·

220 1089 288 1148 dtis
304 1110 348 1163 μιν
362 1085 504 1166 ἁρπάξασα
519 1087 604 1165 σορῶν
617 1084 717 1160 ἥμεροι
732 1083 870 1160 δεμίστων,

260 1176 334 1235 οὔπω
346 1178 394 1244 τῆς
407 1173 520 1251 νομίμης
536 1172 650 1250 ἔμπλεον
664 1173 778 1243 ἡλικίης.

180 1286 193 1323 α
221 1262 324 1345 Οίκτρδ
338 1264 363 1324 δ’
375 1260 441 1340 δπίρ
455 1260 566 1337 τόμόοιο
579 1260 812 1339 κατιστονάχησαν
827 1261 924 1336 ίταίροι

261 1352 387 1429 κείμενον,
399 1341 430 1408 ob
445 1350 535 1408 θιάσου
547 1349 645 1424 κόσμον
657 1348 820 1428 ὀδυρόμενοι·

221 1448 239 1515 ἡ
255 1441 282 1502 ll
296 1440 381 1517 κόμην
396 1440 522 1498 τίλλουσα
535 1440 588 1520 γόῳ
603 1437 760 1509 πληκτίζετο
774 1436 881 1516 μήτηρ,

263 1534 332 1604 αἰαῖ,
343 1529 388 1588 τὸν
402 1529 519 1608 λαγόνων
532 1529 629 1609 μόχθον
642 1527 817 1605 ἑπισταμίνη.

222 1617 332 1698 Ἔμπης
345 1617 431 1682 δλόιος
442 1608 516 1687 οὗτος
527 1663 535 1695 ,
547 1615 573 1684 ὃς
588 1619 614 1675 ἰν
629 1615 733 1687 νεότητι
743 1616 884 1697 μαρανθεὶς

171 1718 197 1760 ¹⁰
264 1706 358 1786 ἔκφυγε
373 1704 420 1776 ris
437 1706 524 1783 βιότου
536 1709 631 1763 θᾶσσον
647 1701 829 1781 άλιτροοθνην.

317 1854 386 1904 575.
409 1842 603 1903 ΛΕΟΝΤΙΟΥ
625 1841 912 1902 ΣΧΟΛΑΣΤΙΚΟΥ.

225 1989 306 2063 Σῆμα
319 1984 425 2050 Ῥόδης·
439 1984 524 2062 Τυρίη
540 1983 567 2042 δὲ
579 1983 644 2059 γυνὴ
659 1983 747 2041 πίλεν·
759 1982 817 2042 ἀντὶ
828 1982 855 2043 δὲ
868 1983 969 2064 πάτρης

264 2072 336 2132 ίκετο
348 2071 427 2142 τήνδε
439 2071 526 2143 πόλιν,
540 2071 674 2146 κηδομένη
690 2071 798 2131 τεκέων.

226 2159 300 2232 Abs-vl
312 2160 479 2237 άειμνήστοιο
488 2159 564 2240 λέχος
578 2159 697 2230 κόσμησε
712 2160 860 2236 Γεμίλλυυ,

265 2248 291 2315 δς
305 2248 387 2328 πάρος
402 2247 523 2325 εὐνομίης
537 2247 631 2325 lipom
643 2252 706 2320 θῆκε
720 2249 808 2310 πόλιν.

227 2340 312 2419 Γρῆῦς
328 2337 375 2414 μίν
391 2337 470 2415 μόρον
483 2328 566 2416 εὗρεν,
583 2336 676 2416 δρελλε
689 2337 717 2396 ll
732 2337 813 2417 μυρία
825 2337 910 2397 κύκλα

266 2425 350 2496 ζώειν·
364 2429 416 2487 τῶν
429 2428 533 2504 ἀγαθῶν
547 2426 576 2484 οὗ
592 2424 741 2506 δεχόμεσθα
755 2426 844 2507 κόρον.

284 2581 352 2631 576.
372 2569 584 2630 ΙΟΥΛΙΑΝΟΥ
606 2570 686 2630 ΛΠΟ
709 2570 849 2630 ΥΠΑΡΧ.
871 2572 946 2637 All.

896 2661 907 2738 [
915 2669 1009 2741 μοῖραν

782 400 1040 464 ANTHOLOGIAE
1061 397 1265 460 Pnttttttrtt

1047 540 1118 590 facile
1130 538 1318 603 persuadentem
1328 536 1424 600 judici:
1440 535 1484 586 sed
1493 535 1607 600 judicans
1621 537 1677 600 lpse

1078 641 1205 691 nunquam
1216 640 1231 677 a
1243 625 1363 677 recta-vie
1379 637 1411 674 ne
1424 622 1549 674 tantillum
1562 622 1664 686 quidem
1677 620 1838 674 detestabat

1214 771 1270 819 stt.
1287 767 1438 816 AGATHIAE
1453 765 1670 815 scnotmt‘tct.

1048 912 1124 972 Leges
1137 907 1237 971 quidem
1249 906 1423 958 eures-lucrant
1437 904 1614 956 velut-sodales
1627 904 1792 969 Agatlrorrie03

1081 1000 1156 1048 Parca
1167 1000 1252 1047 autem
1262 995 1350 1047 tbnere
1363 1009 1412 1044 non
1424 992 1511 1044 didicit
1521 994 1601 1054 leges3

1049 1084 1093 1135 sed
1102 1098 1161 1135 eum
1172 1083 1289 1148 rapnitet
1302 1081 1454 1146 sapientibus
1465 1080 1561 1132 divellit
1574 1080 1710 1142 niuribns,

1080 1173 1191 1223 nondum
1202 1172 1310 1237 legitima
1320 1171 1421 1235 menum
1433 1172 1516 1220 etate.

1050 1260 1219 1311 miserabiliter
1227 1263 1311 1310 autem
1321 1272 1395 1323 super
1407 1257 1505 1308 tumulo
1514 1257 1668 1307 delleverunt
1679 1255 1775 1307 sodales

1078 1350 1213 1413 Jeoentem,
1226 1347 1264 1399 sui
1275 1346 1345 1398 ebori
1356 1350 1527 1398 ornamentum
1541 1345 1703 1410 deplorantes.

970 1458 973 1462 ·
1050 1439 1153 1488 Comani
1161 1440 1245 1488 autern
1259 1436 1350 1487 vellens
1358 1436 1428 1486 luctu
1441 1433 1603 1499 plangebatur
1617 1437 1704 1494 mater,

1081 1524 1145 1587 heu,
1157 1524 1220 1587 heu,
1231 1524 1271 1575 sui
1285 1523 1350 1574 uteri
1361 1523 1470 1575 laborem
1480 1522 1570 1573 sciens.

1052 1615 1165 1665 svamm
1173 1613 1261 1664 beatus
1272 1612 1325 1673 itte,
1334 1612 1378 1677 qui
1387 1611 1414 1662 in
1422 1612 1553 1677 juventute
1565 1609 1702 1661 tabelacm

1083 1702 1172 1766 elingit
1184 1701 1243 1752 vite
1255 1701 1329 1752 eitius
1342 1700 1442 1751 seelera.

1229 1858 1283 1905 575.
1301 1855 1427 1904 LEONTII
1441 1853 1655 1904 scttottStht.

1052 1993 1196 2058 Sepulcrum
1206 1992 1254 2045 loe
1263 1993 1361 2046 Rhodes
1369 2014 1375 2043 ι
1383 1994 1457 2059 'lyris
1471 1992 1560 2043 mulier
1566 1995 1632 2051 erat3
1641 1991 1684 2042 sed
1693 2003 1738 2054 pro
1747 1992 1826 2055 petrin

1084 2082 1145 2133 adiit
1157 2082 1222 2133 hane
1233 2081 1334 2145 urbem,
1349 2081 1536 2133 eurambabens
1552 2094 1694 2145 puerorum.

1058 2175 1115 2238 lpsa
1126 2169 1384 2237 semper-memorandi
1396 2170 1490 2222 lectum
1502 2169 1600 2221 ornavit
1611 2168 1729 2229 Gemelli,

1085 2259 1127 2323 qul
1138 2263 1211 2311 antea
1219 2259 1429 2325 bonarum-legum
1441 2258 1559 2311 scientem
1571 2257 1687 2323 prestitit
1696 2256 1792 2307 urbem.

1055 2354 1124 2402 Anus
1132 2350 1232 2414 quidem
1240 2351 1318 2400 latum
1325 2348 1427 2411 insedit,
1435 2347 1540 2400 debebat
1549 2360 1608 2399 vero
1617 2349 1744 2398 sexcentos
1752 2359 1839 2395 annos.

1087 2438 1169 2489 vivere
1180 2437 1317 2488 thosdrum
1329 2449 1378 2486 non
1388 2436 1539 2499 concipimus
1550 2435 1698 2486 satietatem

1194 2592 1249 2638 575.
1267 2589 1388 2638 Jtttttttt
1406 2589 1446 2636 Eli
1462 2587 1559 2636 PRAEF.
1577 2586 1701 2653 AEGYPT.

1743 2667 1840 2734 [latrum

229 2745 371 2818 Κάτθανις,
386 2734 409 2805 ὦ
423 2746 550 2825 Hippou
566 2768 592 2804 α.
613 2743 732 2823 Ἐπίχω.
747 2749 772 2822 β.
793 2747 924 2822 Πυμάτην
944 2750 1012 2826 μετὰ
1056 2774 1082 2811 ιι,
1094 2762 1250 2820 Mortuuses,
1265 2758 1406 2823 oflpyrrbo?
1424 2758 1446 2808 d.
1461 2758 1564 2808 Haesito.
1580 2759 1766 2808 alludentium
1781 2761 1840 2821 post

267 2834 317 2912 ρης
329 2833 446 2914 ἐπέχειν,
462 2857 488 2895 α.
501 2831 621 2911 Ἐπέχυι.
642 2837 668 2910 β.
692 2833 792 2912 Σκίψιν
805 2834 902 2915 ἔπαυσε
917 2839 1008 2918 τάρος.

498 2949 560 2999 577.
583 2951 643 2996 ΤΟΥ
657 2951 762 2995 mov.

226 3083 321 3151 Ὅστις
336 3107 368 3160 με
384 3085 505 3162 τριόδοισι
518 3082 612 3160 μέσαις
624 3083 738 3162 τάρχυσε
756 3084 881 3159 θανόντα,

268 3172 351 3251 λυγρά
365 3169 455 3231 παθὼν
470 3171 570 3248 τόμδυυ
587 3173 649 3248 μηδ’
662 3171 759 3249 ὀλίγοιο
771 3171 861 3252 τύχοι,

226 3261 324 3327 πάντες
337 3259 393 3319 ἐπεὶ
406 3260 518 3336 Τίμωνα
532 3258 607 3318 vitruv
622 3260 761 3319 πατίουσιν
773 3262 870 3333 ὁδῖται,

269 3349 313 3408 καί
328 3348 406 3428 μόρος
419 3348 490 3424 ἄμμι
505 3347 592 3422 μόνοις
606 3348 726 3428 ἄμμορος
740 3347 861 3428 ἡσυχίης,

333 3501 400 3550 575.
425 3488 594 3549 ΑΓΑΘΙΟΥ
619 3488 905 3549 ΣΧΟΛΑΣΤΙΚΟΥ.

223 3630 283 3697 ,Τδν
298 3630 423 3711 κρατιρδν
439 3634 588 3702 Πανοπῆα,
601 3630 645 3688 τδν
660 3633 808 3710 άγρευτῆρα
822 3630 945 3702 λεόντων,

229 3799 354 3848 ,iudicibus
368 3808 476 3865 prorutus
488 3814 530 3847 sua
547 3799 703 3864 persuadere;
714 3799 754 3848 sed
770 3799 820 3865 ipse

263 3882 340 3931 Judex
352 3898 366 3931 a
379 3881 439 3932 recti
451 3881 547 3931 tramite
559 3898 608 3930 non
618 3882 687 3932 abitt.

450 3982 507 4043 574.
532 3997 646 4030 acernus
662 3998 788 4032 οιιιτοιιιι.

229 4083 287 4131 Jura
303 4081 400 4147 quidem
412 4080 496 4129 sollers
508 4089 652 4147 pernoverat
666 4080 827 4146 Agathoclem
841 4099 847 4131 :

263 4164 308 4213 Sed
321 4179 369 4213 non
378 4173 403 4212 et
413 4167 492 4212 Parere
498 4164 553 4228 jura
565 4163 651 4213 timere
665 4165 752 4214 solent.

229 4249 292 4297 Nam
303 4263 358 4297 eunt
372 4246 490 4314 legitimos
502 4247 608 4297 nondum
620 4248 720 4298 venisset
732 4250 761 4297 ad
773 4265 863 4306 nutrius,

263 4330 384 4396 legitimis
393 4331 461 4380 illum
471 4348 536 4382 mors
544 4333 607 4399 rapit
617 4348 632 4382 a
646 4332 739 4383 studiis.

231 4414 269 4464 Ad
284 4417 402 4465 tumulum
414 4417 491 4466 musti
505 4416 618 4466 miserum
629 4431 740 4482 gemuere
754 4417 855 4475 sodales,

264 4500 295 4546 Et
305 4498 404 4547 doluere
415 4499 452 4547 sui
463 4498 544 4548 lumen
559 4499 636 4549 abisse
649 4498 727 4550 ebori.

232 4582 285 4645 ipsa
296 4595 389 4628 comam
401 4579 491 4628 vellens
501 4580 628 4646 plangebat
642 4589 740 4646 pectora
748 4591 825 4630 muter

264 4665 319 4712 Non
332 4662 407 4713 oblita
419 4662 474 4719 tuit,
484 4663 537 4729 quis
549 4665 667 4729 peperisse
681 4664 758 4715 labor.

232 4746 277 4795 ttte
289 4755 368 4795 tamen
382 4745 438 4795 ielix
448 4783 456 4807 ,
466 4747 702 4814 raptusjuvenilibus
712 4746 793 4803 annis.

267 4829 354 4894 Effugit
363 4831 418 4881 vita
428 4830 529 4880 erimina
540 4840 619 4879 morte
631 4830 689 4879 cita.

457 4929 516 4989 575.
537 4944 639 4977 nronrrr
654 4926 773 4977 oratoris.

233 5032 279 5080 llic
293 5030 409 5081 tumulata
420 5028 518 5081 Rhodo.
536 5029 615 5080 Patria
628 5038 664 5079 est
671 5032 749 5096 Tyrus
763 5044 770 5079 τ
784 5029 846 5080 hane
857 5031 920 5097 quod
934 5030 961 5079 in
975 5046 1016 5078 ur·

266 5114 380 5169 Venerit,
397 5111 514 5162 boenatir
523 5112 626 5179 imputat
637 5112 679 5162 illa
692 5112 748 5164 suis.
942 5112 1016 5179 [bem

231 5200 333 5251 Omavit
346 5198 477 5250 thalamum
488 5199 575 5249 victuri
589 5200 658 5250 laude
669 5199 786 5263 Gemelli,

1088 2847 1260 2900 aisbresitare?
1268 2848 1291 2899 d.
1300 2847 1402 2898 llaesito.
1411 2862 1437 2898 a.
1447 2846 1633 2898 Hsesitationenr
1642 2847 1704 2897 unfit
1715 2847 1840 2898 tumulus.

1338 2962 1392 3010 577.
1416 2969 1565 3013 ttttlsutstt.

1058 3091 1176 3155 Quisquis
1186 3104 1225 3140 me
1234 3091 1314 3141 triviis
1326 3094 1354 3141 ιἰι
1366 3090 1454 3141 mediis
1467 3090 1578 3155 sepelivit
1589 3096 1730 3154 mortuum,
1778 3090 1840 3155 [tur.

1089 3181 1181 3230 utinam
1194 3193 1333 3230 aerumnose
1344 3192 1489 3243 passusnee
1501 3183 1602 3232 tenuem
1617 3182 1741 3232 tumulum
1753 3181 1837 3231 sortia

1057 3267 1138 3316 cunuti
1150 3265 1265 3328 quoniam
1280 3266 1405 3317 Turnonem
1418 3268 1544 3317 mortuum
1556 3267 1651 3318 calcant
1665 3268 1786 3329 viatores,

1089 3358 1113 3403 ct
1126 3353 1277 3403 sors-ultima
1291 3353 1361 3403 nobis
1374 3353 1433 3405 solis
1446 3368 1530 3404 exsors
1543 3357 1580 3405 ert
1592 3354 1690 3418 quietis

1224 3501 1279 3548 578.
1295 3497 1445 3548 AGATHIAE
1461 3498 1676 3546 scttotssttct.

1060 3637 1176 3688 l'nlidum
1186 3642 1342 3702 Panopeum,
1356 3639 1498 3688 venatorem
1510 3637 1625 3699 leonum,

1091 3802 1140 3863 eri
1156 3801 1233 3865 legum
1244 3800 1306 3849 bane
1319 3799 1404 3848 turbem
1413 3815 1461 3848 nou
1471 3799 1569 3847 siitesse
1581 3799 1674 3849 rudem.

1059 3885 1163 3932 ltlrrltnm
1173 3884 1232 3932 vixit
1246 3899 1305 3932 anm
1322 3883 1381 3933 :sed
1397 3883 1477 3932 visere
1485 3883 1571 3932 meula
1582 3883 1649 3932 mille

1091 3968 1227 4029 Debuerut3
1243 3983 1374 4032 nurnqunm
1386 3982 1424 4015 res
1436 3967 1553 4017 bonanus
1569 3967 1649 4017 satiat.

1275 4096 1332 4156 556.
1351 4111 1450 4143 suarum
1463 4110 1625 4158 consensus,

1208 4201 1238 4250 de
1254 4200 1379 4270 Pyrrhone
1393 4203 1518 4270 Sceptieo,
1535 4201 1686 4253 alternatum.

1059 4316 1169 4363 Mortuus
1182 4329 1206 4361 ev·
1218 4311 1451 4379 Pyrrhonlllubito.
1464 4312 1581 4361 Dubitare
1594 4310 1680 4362 licetne

1093 4401 1147 4445 Post
1157 4399 1277 4444 mortem?
1288 4396 1387 4445 Dubito.
1402 4397 1456 4444 Non
1469 4394 1526 4442 sinit
1538 4393 1584 4443 boe
1596 4394 1710 4449 tumulus.

1353 4516 1410 4575 577.
1428 4528 1551 4574 uusnsu,

1386 4610 1416 4660 de
1427 4611 1518 4663 eodem.

1060 4724 1212 4790 Quicumque
1223 4723 1280 4785 itte,
1295 4722 1357 4772 viam
1369 4721 1411 4788 qui
1423 4738 1462 4771 me
1475 4720 1585 4787 sepelivit
1600 4718 1629 4768 ad
1643 4718 1733 4786 ipsam,

1092 4807 1129 4857 Sit
1141 4805 1222 4868 miser,
1234 4814 1259 4855 et
1272 4805 1338 4855 nulla
1351 4814 1420 4871 parte
1432 4812 1524 4868 tegatur
1538 4801 1616 4853 humi.

1061 4895 1124 4940 Luce
1137 4906 1221 4939 cerens
1231 4889 1317 4939 Timon
1329 4888 1439 4954 appellor
1455 4887 1486 4935 ab
1499 4885 1627 4946 omnibns,
1643 4893 1667 4934 et
1679 4898 1731 4933 sors

1094 4976 1148 5023 Una
1162 4971 1326 5038 quiescentrum
1337 4980 1416 5019 nostra
1432 4969 1513 5034 qutiete
1527 4977 1601 5017 enret·

1288 5093 1346 5153 57⁸.
1365 5106 1478 5139 astrum
1491 5104 1618 5137 onerosus·

1063 5201 1177 5262 Quaerere
1189 5197 1311 5249 terribiles
1323 5213 1407 5247 austum
1417 5201 1527 5262 Panopen
1539 5194 1635 5255 leones,
