4020 5946
763 365 1020 428 ANTHOLOGIAE
1041 362 1248 424 PALATINAE

452 524 513 575 155.
534 524 732 571 ΑΔΕΣΠΟἹῸΝ.

324 639 364 693 Εἰς
376 634 519 685 Φιλιστίωνα
528 635 567 681 τὸν
579 631 669 681 Nausia
681 627 848 691 γελωτοποιόν.

241 765 274 825 Ὁ
287 763 330 821 τὸν
342 758 548 820 πολυστένακτον
563 757 705 838 ἀνθρώπων
724 756 779 834 βίον

240 853 335 935 γέλωτι
347 849 460 929 κεράσας
475 844 591 912 Νικαεὺς
601 845 748 906 Φιλιστίων

241 944 350 1001 ἐνταῦθα
367 945 477 1013 κεῖμαι,
489 934 610 1014 λείψανον
626 935 723 999 παντὸς
739 932 804 1011 βίον,

240 1026 368 1094 πολλάκις
383 1021 536 1096 ἀποθανὼν,
548 1013 599 1082 ὦδε
617 1023 639 1080 δ’
651 1020 828 1079 οὐδεπώποτε.

344 1179 411 1230 156.
435 1164 617 1229 ΙΣΙΔΩΡΟΥ
638 1163 841 1223 situatur.

201 1297 261 1382 Ἰξῷ
277 1301 321 1361 καὶ
337 1301 494 1379 καλάμοισιν
509 1301 555 1361 ἀπ’
567 1297 641 1378 ἠέρος
659 1297 736 1355 αὑτὸν
751 1295 859 1378 έρερθιν

243 1388 382 1468 Εὔμηλος,
398 1392 491 1458 λιτῶς,
507 1388 564 1447 ἀλλ’
580 1390 606 1446 ἐν
622 1383 763 1467 ἐλευθερίη.

201 1478 309 1541 Oinone
325 1480 348 1538 δ’
358 1478 458 1550 θθνείην
471 1478 560 1537 έκυσεν
572 1475 640 1556 χέρα
652 1473 764 1556 γαστρὸς
774 1474 857 1545 ἕκητι·

150 1606 154 1613 ·
241 1571 317 1624 τοῦτο
329 1564 431 1647 τρυρὴν·
442 1565 535 1645 κείνῳ,
552 1562 621 1622 τοῦτ’
636 1561 706 1642 ἔφερ’
720 1558 889 1643 εθρροσιίνην.

200 1653 265 1734 Τρλς
280 1653 308 1712 δὲ
321 1651 474 1732 τριηκοοτὸν
488 1652 568 1722 ζήσας
580 1649 635 1717 ἔτος
648 1650 733 1708 ἐνθάδ’
748 1649 831 1721 ἰαύει,

240 1741 317 1802 παισί
329 1740 412 1801 λιπὼν
427 1740 478 1810 ἰξὸν
490 1739 536 1800 καὶ
547 1738 631 1819 πτερά
641 1738 685 1797 >rol
700 1737 843 1814 καλάμους.

488 1878 548 1928 151.
568 1876 706 1926 multost.

201 2015 279 2090 Τρεῖς
293 2008 371 2068 ἐτέων
385 2006 512 2079 δεκάδας,
527 2006 634 2087 τριάδας
645 2005 705 2078 δύο,
717 2003 812 2084 μέτρον
826 2003 921 2077 ἔθηκαν

241 2098 371 2178 ἡμετέρης
389 2098 477 2175 βιοτῆς
492 2093 597 2171 μάντιες
609 2093 729 2173 αἰθέριοι.

201 2187 343 2268 Ἀρκοῦμαι
356 2182 494 2244 τούτοισιν·
508 2186 522 2241 ὁ
534 2180 685 2262 γάρχρόνος
700 2180 776 2249 ἄνθος
787 2181 893 2261 ἄριστον

241 2274 354 2347 ἡλικίης·
362 2275 450 2334 ἔθανεν
464 2273 506 2352 χιῖι
517 2270 641 2350 τριγέρων
651 2268 761 2338 Πύλιος.

490 2418 550 2469 158.
571 2419 706 2465 tdiidoti.

371 2540 412 2593 Εἰς
422 2537 557 2600 Μάρκελλον
569 2535 610 2586 τὸν
620 2537 711 2595 altimo
720 2534 808 2599 ἱατράν.

206 2662 364 2744 Μαρκέλλου
377 2661 436 2722 τάδε
447 2666 521 2741 σῆμα
536 2664 692 2741 περικλυτοῦ
707 2662 830 2740 ἰητῆρος,

205 2752 289 2833 φωτὸς
305 2751 450 2811 κυδίστοισι
464 2750 599 2828 τετιμένου
612 2750 792 2821 ἀθανάτοισιν,

205 2833 234 2901 ob
251 2840 357 2920 βίὸλους
369 2838 493 2911 ἀνέθηκεν
507 2838 647 2918 ἐϋκτιμένῃ
659 2839 696 2898 ἐνὶ
708 2836 804 2917 Ῥώμη

206 2927 337 3009 Ἀδριανὸς
352 2928 485 3008 προτέρων
499 2925 702 3007 προφερέστερος
715 2924 884 3004 ἡγεμονήων,

164 3045 178 3086 ς
206 3017 251 3078 καλ
261 3017 324 3083 πάϊς
338 3016 482 3096 Ἀδριανοῐο
497 3016 557 3093 μέγ’
575 3014 661 3094 ἔξοχος
671 3014 833 3087 Ἀντωνῖνος,

206 3105 274 3185 ὄρρα
286 3112 331 3164 καὶ
340 3103 504 3180 ἐσσομένοισι
519 3107 576 3180 μετ’
592 3102 700 3183 ἀνδράσι
712 3105 787 3170 κῦδος
803 3104 891 3183 άροιτο

206 3191 303 3251 εἵνεκεν
317 3190 423 3263 εθεπίης
430 3235 439 3268 ,
454 3191 503 3264 τήν
515 3195 538 3249 ol
550 3189 614 3267 πόρε
627 3188 728 3257 Φοῑὸος
740 3189 892 3268 Ἀπόλλων,

205 3279 285 3359 ἡρῴῳ
297 3279 426 3359 μέλψαντι
442 3278 531 3360 μέτρῳ
545 3276 675 3358 θεραπήῐα
687 3277 783 3338 νούσων
796 3314 802 3323 ·

207 3367 307 3449 βίθλοις
320 3369 346 3426 έν
360 3376 478 3436 πινυταῖς
493 3366 637 3448 Χειρωνίσι
647 3368 855 3447 τεσσαράκοντα.

454 3518 521 3569 159.
545 3509 753 3570 ΝΙΚΑΡΧΟΥ.

207 3651 319 3731 Ὀρφεὺς
333 3650 381 3727 μὲν
392 3650 488 3730 κιθάρα
498 3650 619 3708 πλεῖστον
631 3650 710 3729 γέρας
721 3649 805 3708 εἵλετο
818 3653 933 3724 θνητῶν,

248 3737 358 3814 Νέστωρ
373 3735 400 3795 δέ
413 3735 534 3814 γλώσσης
547 3736 676 3813 ἡδολάγου
691 3736 783 3816 σοφίη,

208 3823 349 3905 τεκτοοθνῃ
362 3824 384 3882 δ’
397 3823 480 3884 ἐπέων
489 3821 641 3904 πολυίστωρ
658 3828 724 3891 θεῖος
736 3824 873 3905 Ὄμηρος,

249 3912 406 3993 Τηλεφάνης
418 3912 440 3970 δ’
455 3914 557 3985 αὐλοῖς,
572 3903 602 3970 οἶ
615 3912 694 3994 τάφος
706 3914 775 3972 ἐστὶν
790 3913 844 3977 ὅδε.

509 4083 565 4131 15⁵.
584 4097 698 4142 rucrnrr,

402 4186 432 4237 de
444 4186 581 4237 sinticione
592 4189 712 4238 Nicoeensi
725 4190 805 4243 mimo.

244 4328 354 4390 Ilicem,
369 4344 446 4378 evum
460 4326 542 4379 flebile
555 4328 602 4380 boc
616 4329 757 4380 mortalium

244 4410 293 4474 Qui
308 4410 439 4476 temperavi
451 4409 553 4475 risibus,
563 4410 687 4472 Philistio‚

244 4491 307 4540 Vite
320 4490 428 4557 reliquia
442 4492 531 4555 totius,
543 4492 600 4543 situs
609 4491 649 4542 bic
658 4500 734 4558 tegor,

246 4577 374 4625 Emortuus
382 4575 433 4639 jam
446 4591 522 4641 sepe,
534 4576 568 4625 sic
580 4591 703 4641 nunquam
719 4584 810 4626 tamen.

460 4712 515 4759 156.
535 4727 628 4761 rsroonr
646 4728 760 4763 mosara.

213 4838 262 4906 Qui
273 4841 365 4892 calamo
377 4851 402 4892 et
414 4840 476 4892 risco
488 4843 610 4908 querebat
622 4844 654 4894 ab
667 4860 722 4894 aere
737 4845 826 4896 victum

248 4925 378 4985 Eumelus,
393 4924 432 4973 cui
446 4940 484 4973 res
496 4940 582 4992 parca,
598 4926 639 4975 sed
649 4927 767 4990 ingenue,

214 5007 314 5057 Ventris
323 5016 349 5058 ut
359 5007 460 5074 imperio
469 5007 530 5057 nulli
539 5007 607 5058 daret
616 5009 696 5059 oscula
706 5009 796 5063 uexere
802 5044 810 5072 ,

248 5090 337 5140 virere
351 5091 384 5141 sic
396 5091 431 5140 illi
441 5091 511 5140 luxus
522 5091 694 5159 opesqrrelui13

217 5179 272 5225 Post
284 5174 320 5226 bis
331 5176 404 5227 lustra
418 5192 504 5226 uorem
514 5177 576 5243 jacet
587 5176 628 5229 lric
637 5214 645 5242 ,
655 5187 770 5245 natosque
781 5178 879 5247 reliquit

1311 518 1362 563 155.
1383 523 1544 565 suuntur.

1191 643 1217 684 in
1228 639 1381 684 Philistionem
1394 638 1532 683 Nicaeensenr
1546 646 1649 679 mmnnu.

1035 758 1083 816 Qui
1092 753 1557 821 multis-dignam-qemitibushominum
1571 752 1647 802 vitam

1033 846 1086 895 risu
1100 845 1235 909 temperavi
1242 844 1374 895 Nicaeensis
1387 842 1510 903 Plritistio,

1036 933 1078 983 btc
1088 935 1171 998 jaceo,
1187 937 1216 985 ut
1226 938 1285 985 sunt
1295 934 1404 997 reliquiae
1417 929 1632 996 cujuslibstritoa=

1035 1036 1203 1087 saepenumero
1217 1026 1338 1083 mortuus,
1352 1020 1396 1071 sed
1407 1032 1581 1082 non-unquam
1596 1017 1770 1069 hocce-modo.

1259 1169 1311 1211 156.
1328 1162 1445 1211 tstbotti
1462 1160 1617 1210 AEGEATAE„

1036 1304 1110 1354 visco
1124 1307 1149 1354 ct
1157 1303 1319 1354 arundinibus
1327 1316 1356 1352 ex
1364 1316 1420 1354 aere
1432 1316 1459 1353 se
1468 1302 1591 1354 nutriebat

1068 1393 1195 1455 Eumelus,
1209 1392 1324 1455 tenuiter,
1342 1392 1421 1444 sedin
1431 1393 1557 1449 libertum

1036 1483 1333 1549 nunquamrcroaiicnam
1343 1484 1516 1534 osculatusost
1522 1497 1622 1533 manum
1628 1483 1720 1534 ventris
1729 1484 1806 1548 gratia
1815 1505 1821 1516 ·

1068 1574 1222 1626 bocdeiicias
1230 1574 1278 1635 itti,
1294 1573 1341 1624 troc
1352 1573 1473 1624 atterebat
1485 1573 1604 1623 letitiam.

1036 1665 1084 1714 Ter
1097 1665 1181 1713 autem
1189 1662 1341 1727 trigesimum
1355 1660 1466 1725 qui-viril
1475 1659 1616 1711 annumhtc
1630 1661 1729 1722 dormit,

1068 1755 1094 1803 et
1107 1751 1190 1803 liberis
1202 1750 1406 1815 reliquitriscum
1420 1752 1445 1800 et
1458 1752 1582 1813 pennasct
1591 1750 1729 1802 arundines.

1333 1890 1385 1938 157.
1408 1894 1543 1936 lNCERTt.

1037 2008 1097 2057 Tres
1105 2021 1224 2058 auuomm
1236 2007 1356 2072 decades,
1375 2009 1467 2060 triades
1479 2008 1557 2070 duas,
1574 2006 1676 2057 modum
1690 2012 1825 2071 posnamnt

1068 2099 1159 2148 nostrae
1167 2098 1227 2148 vitas
1238 2100 1307 2149 vates
1320 2098 1442 2149 catores.

1038 2190 1243 2240 Contentus-sum
1251 2187 1291 2239 bis
1299 2191 1377 2239 arants
1387 2188 1429 2239 :id
1436 2190 1536 2251 tempus
1545 2186 1611 2237 euim
1618 2187 1662 2238 lios
1671 2187 1778 2251 optinms
1788 2188 1824 2238 cst

1070 2278 1150 2328 aetatis
1166 2278 1241 2328 :obiit
1249 2278 1323 2328 etiam
1337 2276 1511 2329 trismciisener
1525 2276 1615 2339 Pylius.

1315 2415 1382 2460 ‘158.
1405 2419 1539 2463 INCEETI.

1237 2543 1263 2584 in
1273 2541 1403 2586 ttarcelium
1416 2541 1502 2585 siditcu
1511 2539 1631 2585 ttertisunr.

1038 2666 1147 2716 Marcelli
1158 2665 1206 2715 hoc
1215 2668 1401 2717 moumncntum
1415 2665 1543 2729 periuclpti
1552 2665 1654 2727 medici,

1038 2753 1085 2803 viri
1100 2751 1205 2803 summis
1212 2750 1325 2801 honorati
1340 2751 1590 2814 diisimmortalibus‚

1038 2846 1110 2907 cujus
1124 2842 1200 2892 libros
1212 2842 1322 2906 reposuit
1333 2842 1529 2892 benesediticata
1539 2844 1564 2891 in
1579 2843 1643 2893 urbe
1652 2845 1730 2895 Roma

1038 2930 1160 2980 Adrianus
1173 2929 1296 2994 prioribus
1311 2930 1467 2993 prestantior
1474 2930 1638 2994 principibus,

1038 3022 1063 3070 et
1077 3019 1143 3069 trtius
1152 3018 1251 3069 Adriani
1264 3019 1334 3082 longe
1346 3019 1466 3071 exceliens
1475 3020 1620 3081 Antoninus,

1038 3111 1067 3159 ut
1081 3112 1106 3159 et
1119 3111 1236 3159 venturos
1245 3108 1312 3172 apud
1320 3108 1431 3159 homines
1445 3109 1522 3159 decus
1536 3113 1671 3173 reportaret

1038 3197 1070 3247 ob
1087 3198 1265 3261 eloquentiam,
1275 3212 1350 3262 quarn
1365 3198 1388 3249 ei
1401 3197 1471 3249 dedit
1484 3198 1592 3249 Pbmbus
1601 3199 1695 3262 Apollo,

1038 3285 1142 3338 heroicis
1153 3287 1327 3350 quumcecinit
1336 3287 1451 3337 versibus
1467 3287 1577 3338 remedia
1588 3286 1728 3337 morborum

1039 3375 1141 3427 librisin
1150 3374 1234 3427 doet‘s
1243 3376 1373 3426 chironiois
1383 3376 1611 3440 (rrredictrralr'bns)
1625 3376 1793 3441 quadraginta.

1322 3526 1373 3571 159.
1388 3520 1546 3570 tttcrnctss.

1040 3658 1154 3724 Orpbeus
1175 3660 1276 3723 quidem
1292 3660 1386 3711 citlrars
1405 3662 1538 3725 plurimum
1557 3662 1674 3712 honorem
1694 3662 1778 3713 retulit
1802 3677 1827 3714 ο-

1071 3750 1160 3800 Nestor
1174 3751 1259 3799 autem
1269 3749 1360 3813 lingum
1373 3750 1526 3815 suaviloqua
1538 3751 1651 3812 solertia,
1670 3750 1828 3814 [mortalibus

1040 3839 1215 3901 structuraque
1227 3853 1344 3889 versuum
1358 3840 1509 3891 multisciens
1518 3841 1617 3893 divinus
1630 3844 1761 3904 Homerus,

1071 3925 1289 3988 Telephanesvcro
1301 3927 1382 3988 tibiis,
1398 3928 1468 3989 cuius
1484 3929 1533 3979 hoc
1543 3933 1582 3980 est
1595 3930 1745 3994 sepulcrum.

1075 4085 1187 4135 Heredes
1201 4087 1299 4152 plumae,
1311 4087 1407 4153 glutinis
1419 4097 1442 4138 et
1456 4090 1550 4141 calami.

1345 4246 1401 4307 ¹57·
1420 4261 1526 4297 rncrnrn

1042 4393 1176 4449 Promisere
1185 4395 1259 4457 milri,
1270 4395 1356 4461 quibus
1368 4412 1406 4446 ars
1415 4407 1452 4447 est
1461 4397 1537 4447 sidera
1547 4414 1630 4459 nosse,
1728 4434 1730 4437 ·

1074 4477 1200 4527 Curriculo
1210 4494 1328 4528 annorum
1338 4487 1375 4528 ter
1388 4478 1435 4529 tria
1446 4489 1529 4546 terque
1540 4481 1631 4533 decem.

1042 4560 1151 4621 Sufficit,
1165 4561 1240 4610 atatis
1252 4561 1296 4610 ilos
1307 4562 1353 4611 isto
1363 4561 1411 4611 tine
1423 4572 1528 4627 tenetur3

1075 4644 1129 4692 lton
1143 4641 1201 4706 fugit
1216 4642 1295 4709 Pylius
1309 4642 1357 4694 leta
1371 4643 1546 4696 trisreclisener.

1335 4784 1390 4848 159.
1408 4799 1535 4834 nrcrncar.

1043 4926 1138 4974 Nomen
1149 4926 1238 4989 mande
1249 4925 1294 4977 sibi
1306 4926 1424 4978 testudine
1434 4928 1526 4993 quaesiit
1535 4925 1660 4992 Orpheus,

1077 5008 1180 5077 Eloquic
1192 5011 1272 5078 Pylius
1285 5013 1339 5062 leue
1348 5011 1438 5062 fluente
1448 5029 1528 5065 senex.

1045 5093 1168 5159 Egregium
1180 5093 1251 5143 docto
1261 5095 1302 5144 dat
1315 5096 1402 5145 lamam
1411 5112 1508 5144 carmen
1518 5099 1639 5157 iiomero;

1078 5175 1147 5227 Tibia
1161 5175 1292 5245 Telcplrnni
1302 5196 1310 5241 ;
1320 5181 1387 5245 cujus
1398 5177 1438 5229 liic
1449 5188 1483 5229 est
1497 5178 1610 5230 tumulus.
