4020 5946
208 368 268 428 376
767 363 1024 426 ANTHOLOGIAE
1045 363 1254 425 PuLnTINAE

197 501 304 561 Δείλαιε
315 497 458 572 Κλείνικι,
474 498 506 558 σθ
518 500 542 557 δ’
557 500 593 566 είς
606 498 724 579 λιπαρὴν
735 498 826 559 Θοίσον
839 500 922 558 ίλθεῖν

237 590 366 669 ἠπιίγιυ,
379 587 480 661 Κοίλης
493 585 606 665 ίριπορος
621 589 651 645 ἐκ
666 587 782 668 Συρίης,

158 699 174 741 a
198 665 359 757 ipmpcr‚d›
374 674 517 738 Κλεόνικε·
530 675 602 734 δύσιν
619 675 642 733 δ’
659 675 709 735 ὑπὸ
722 676 850 743 Πλειάδος
864 676 943 746 αὐτὴν

239 768 423 842 ποντοπορῶν,
438 765 505 845 αὐτῇ
518 763 632 825 Πλειοίδι
647 763 814 841 συγκατέδυς.

423 914 491 965 535.
521 906 763 967 ΜΕΛΕΑΓΡΟΥ.

198 1045 294 1108 Οὖκίθ’
303 1049 369 1124 ὁμοῦ
383 1045 534 1126 χιμαίραισιν
550 1045 621 1125 ἔχειν
633 1045 703 1123 βίον,
714 1045 800 1105 οὐκέτι
813 1045 894 1105 ναίειν

238 1133 409 1212 δτραγόπους
423 1131 505 1211 θρίων
521 1133 581 1192 ssav
594 1133 675 1192 ἐθέλω
689 1133 814 1213 κορυςριίς.

199 1223 235 1284 Τί
246 1221 328 1300 γλυκύ
344 1245 404 1296 μοι,
413 1223 439 1278 τί
451 1220 569 1279 ποθεινὸν
584 1222 610 1279 ἐν
623 1218 743 1299 οὕρεσιν;
757 1220 838 1280 ὤλετο
850 1220 963 1298 Δάφνις,

239 1311 337 1392 Δάφνις
352 1308 378 1374 δε
395 1307 512 1387 ἡμετέρη
525 1312 578 1385 πῦρ
591 1306 664 1367 ἔτεκε
676 1307 782 1388 κραδίῃ.

198 1396 280 1460 'heau
293 1396 346 1458 τόδ’
358 1396 470 1467 οἰκήσω·
486 1398 572 1474 θηρῶν
585 1396 613 1457 δέ
626 1419 665 1462 τις
675 1396 753 1461 ἄλλος
767 1398 809 1454 ίπ’
820 1397 903 1478 ἄγρην

239 1487 397 1547 στελλέσθω.
439 1489 465 1546 Τ
466 1485 483 1543 ὰ
499 1486 604 1567 πάροιθ’
619 1485 704 1546 οὐκέτι
719 1484 791 1546 Πανί
806 1487 881 1566 ρίλα.

300 1638 368 1690 536.
399 1629 572 1688 ΔΔΚΔΙΟΥ
600 1628 882 1688 ΜΙΤΥΛΗΝΑΙΟΥ.

199 1767 269 1829 Οὗδθ
284 1766 369 1827 θανὼν
380 1770 394 1825 θ
408 1766 523 1846 πρέσθυς
537 1768 573 1845 ἑῷ
585 1765 737 1845 ἐπιτέτρορε
749 1764 843 1844 τύμὸῳ

240 1855 334 1935 βότρυν
349 1855 395 1914 ἀπ’
411 1854 529 1923 οίνάνθης
543 1852 657 1932 ἥμερον,
671 1852 740 1911 ἀλλὰ
757 1853 849 1931 βάτον,

198 1943 244 2003 καί
255 1944 411 2017 πνιγόισσαν
425 1942 550 2020 ἄχερδον,
563 1941 761 2022 ἀποστύιρουσαν
773 1941 865 1999 ὁδιτῶν

238 2030 330 2112 Ιρείλεα
345 2029 390 2089 καλ
402 2030 472 2110 δίψει
485 2028 634 2110 καρραλίον
648 2030 764 2111 ροίρυγα.

199 2119 280 2181 Ἄλλοί
294 2143 333 2188 τις
343 2117 524 2184 Ἱππώνακτος
541 2117 605 2188 ἐπήν
620 2119 693 2196 παρὰ
706 2123 780 2196 σῆμα
796 2115 903 2191 νέηται,

239 2207 354 2287 εὐχέσθω
369 2207 495 2266 κνώσσειν
511 2207 663 2282 εὖμενέοντα
676 2205 764 2265 νέκυν.

315 2357 385 2410 sat.
409 2349 559 2409 banton*
582 2350 869 2410 ΓΡΑΜΜΑΤΙΚΟΥ.

199 2492 290 2573 Ἧρίον
301 2494 349 2552 οὐκ
363 2492 407 2552 tul
419 2493 516 2571 πατρί,
532 2492 714 2553 πολυκλαύτου
729 2493 752 2552 δ’
760 2494 803 2551 ἐπὶ
813 2492 905 2560 παιδὸς

239 2585 321 2648 Λῦσις
336 2581 395 2661 ἄχει
409 2583 500 2649 κενεὴν
516 2581 587 2651 τήνδ’
602 2581 720 2662 deiparae
734 2582 821 2653 κόνιν,

199 2669 297 2747 οὔνομα
310 2669 458 2750 ταρχύσας,
475 2669 531 2728 ἐπεὶ
544 2672 594 2748 οὐχ
605 2671 655 2729 ὑπὸ
668 2679 745 2749 χεῖρα
762 2669 864 2741 τοκήων
879 2693 883 2699 ·

240 2759 319 2832 ἤλυθε
331 2759 458 2829 δυστήνου
475 2757 585 2839 λείψανα
601 2756 759 2819 Μαντιθέου.

461 2907 530 2958 538.
554 2898 720 2957 aniius,

201 3038 295 3109 Μάνης
309 3029 384 3103 οὗτος
397 3035 463 3114 ἀνὴρ
476 3027 508 3108 ήν
523 3039 573 3105 ζῶν
587 3035 664 3095 ποτέ·
676 3040 721 3095 νῦν
736 3035 762 3095 δέ
778 3034 907 3107 τεθνηκὼς

236 3114 298 3185 ἶσον
312 3124 415 3205 Δαρείῳ
429 3127 466 3204 τῷ
482 3124 589 3204 μεγάλῳ
602 3126 721 3185 δύναται.

370 3274 439 3326 539.
462 3265 617 3325 ΠΕΡΣΟΥ
640 3265 820 3325 ΠΟΙΗΤΟΥ.

202 3403 244 3465 Οθ
261 3400 391 3482 προϊδὼν,
408 3403 539 3479 Θεότιμι,
554 3404 638 3475 κακήν
651 3403 724 3462 δύσιν
738 3403 834 3462 berleta

243 3489 412 3570 Ἀρκτούρου,
426 3495 538 3571 κρυερῆς
550 3490 622 3571 ἥψαο
638 3492 785 3565 ναυτιλίης,

201 3576 219 3650 ῆ
234 3601 263 3637 σε
273 3622 282 3651 ,
293 3579 326 3636 δι’
339 3578 459 3656 Δίγαίοιο
468 3580 626 3651 πολυκλήϊδι
639 3580 729 3637 θέοντα

241 3661 302 3738 νηί,
317 3665 364 3725 σθν
375 3656 412 3733 οἷς
425 3666 527 3745 ἑτάροις
540 3666 637 3744 ἤγαγεν
651 3668 686 3732 είς
701 3662 786 3737 ἀίδην.

483 3861 541 3909 535.
560 3876 704 3921 manaseas,

506 3983 536 4033 de
548 3983 686 4053 Daphnide.

201 4112 292 4162 Visere
305 4128 359 4162 cum
372 4110 449 4177 capris
459 4127 507 4160 non
517 4113 567 4177 jam
580 4110 640 4160 mihi
652 4112 736 4169 dulce,
755 4129 798 4163 nec
812 4114 875 4163 ultra

148 4222 152 4228 ·
235 4201 263 4246 In
273 4196 370 4245 summis
385 4195 458 4262 cupio
471 4200 519 4245 Pan
534 4194 645 4245 hahitare
654 4196 723 4260 jugis.

201 4277 264 4331 llam
279 4279 335 4344 quid
351 4294 423 4329 suave
436 4277 529 4327 dabunt
544 4285 638 4327 montes
652 4278 730 4329 mibi?
740 4279 850 4346 Daphnis
865 4280 954 4342 abivit,

150 4416 154 4423 ,
235 4362 344 4429 Daphnis
358 4361 383 4411 in
396 4360 443 4411 hoc
457 4371 543 4411 anatra
552 4370 649 4427 pectore
664 4362 755 4426 primus
770 4378 848 4412 anaor.

202 4447 268 4498 Urbs
284 4446 414 4495 habitanda
423 4444 500 4507 mibi;
518 4454 629 4495 senatum
645 4461 698 4510 quae
709 4446 766 4495 velit
779 4445 824 4495 ibit

158 4527 159 4531 ’
236 4529 319 4579 bellua
337 4529 421 4579 :nulla
435 4529 594 4594 placentque
606 4527 717 4594 placuere
730 4529 805 4593 prius.

444 4662 501 4710 536.
522 4677 598 4709 anaim
619 4676 748 4720 naastan,

494 4794 524 4845 de
540 4797 702 4864 Hipponacle.

151 4976 153 4981 .
204 4930 256 4980 Nee
270 4941 334 4975 nunc
344 4941 375 4975 ex
389 4923 482 4974 tumulo
495 4924 593 4973 mollem
605 4922 635 4970 de
648 4922 697 4970 rite
707 4935 829 4968 racemum
859 4957 866 4970 .

238 5012 350 5058 Mortuus
359 5004 399 5056 hie
408 5005 511 5072 profert,
520 5005 561 5053 sed
570 5002 648 5068 vepris
660 5017 737 5066 aspra,
751 5017 835 5059 senex,

206 5093 236 5140 Et
246 5089 360 5154 spissus
375 5087 464 5154 pirum,
473 5087 537 5153 quod
551 5087 596 5133 iter
611 5082 753 5133 facientibus
768 5099 811 5132 ora

149 5162 151 5166 Ι
239 5170 374 5236 strangulet
385 5178 409 5219 et
425 5170 516 5230 lauces,
529 5183 587 5235 qum
598 5168 648 5216 silis
661 5167 733 5216 ardor
744 5166 817 5216 babet

1028 505 1233 566 intermeante,
1245 506 1272 555 tu
1284 519 1343 555 τωο
1355 505 1378 554 in
1388 505 1490 555 nitidam
1499 505 1608 555 Thasum
1618 506 1652 555 ire

1062 594 1194 655 festinasti,
1205 595 1273 644 cara
1280 594 1407 657 protectus
1416 596 1538 643 mercator
1546 607 1575 643 ex
1585 594 1666 656 Syria,

1028 686 1158 741 mercator,
1169 696 1184 731 0
1196 682 1309 733 Cleoniec
1320 703 1326 731 :
1337 694 1455 731 occasum
1464 684 1549 731 autem
1559 681 1607 731 sirb
1619 681 1722 731 Pleiadis
1731 681 1819 746 ipsum

1060 771 1190 835 navigans,
1202 771 1256 834 ipsa
1270 769 1439 820 cum-Pleiade
1453 769 1589 819 occubuisti

1302 915 1357 960 335.
1373 911 1542 960 MELEAGRI.

1029 1053 1326 1118 assumptusque-cum
1335 1053 1428 1116 capreis
1438 1052 1529 1113 virere,
1539 1052 1818 1115 nonunpliusbabitare

1061 1142 1172 1206 capripes
1184 1140 1305 1192 insontium
1319 1142 1370 1190 Pan
1380 1140 1437 1189 rulo
1449 1140 1553 1204 fastigia.
1673 1139 1682 1201 l
1693 1139 1816 1203 Daphnis,

1029 1229 1096 1287 Quid
1109 1227 1182 1280 dulce
1199 1227 1274 1290 mibi,
1291 1227 1352 1291 quid
1367 1226 1528 1277 desiderabile
1546 1226 1571 1276 in
1583 1226 1726 1277 montibus?
1744 1227 1818 1290 periit

1061 1317 1171 1382 Daphnis
1185 1317 1228 1380 qui
1239 1316 1325 1368 nostro
1333 1316 1414 1381 iprum
1426 1317 1522 1381 peperit
1532 1320 1638 1380 pectem.
1707 1315 1817 1381 [donem

1030 1406 1121 1456 Urbem
1134 1405 1199 1456 bane
1215 1405 1337 1456 incolam:
1352 1407 1460 1457 terarum
1471 1410 1553 1457 autem
1563 1405 1620 1469 quis
1633 1406 1696 1456 alius
1708 1406 1733 1456 ln
1746 1419 1817 1457 vena·

1062 1496 1201 1560 aecingitor.
1234 1498 1297 1554 Quae
1307 1498 1364 1546 ante
1369 1495 1513 1559 placuere,
1524 1495 1629 1558 non-iam
1638 1497 1697 1546 Pani
1711 1495 1807 1560 placent

1232 1643 1286 1689 533.
1304 1639 1407 1689 ALGAEI
1425 1640 1606 1688 MITYLENAEI

1030 1782 1066 1831 lle
1079 1783 1192 1831 mortuus
1205 1780 1305 1844 quidem
1318 1794 1450 1832 seueram
1463 1781 1665 1844 enutrivit-super
1673 1782 1770 1831 tumulo

1063 1882 1138 1919 uram
1150 1882 1165 1919 a
1178 1868 1228 1920 rite
1240 1870 1338 1929 mitem,
1353 1869 1398 1919 scd
1409 1869 1514 1927 rubum,

1030 1958 1056 2007 et
1067 1956 1259 2020 shangalantem
1269 1957 1417 2020 apiastrum,
1429 1957 1592 2008 suffocantem
1602 1957 1724 2007 viatorum

1062 2044 1127 2094 labia
1139 2047 1165 2095 et
1179 2044 1221 2095 siti
1233 2043 1328 2094 aridam
1348 2045 1455 2095 lancem.

1030 2131 1079 2181 Sed
1091 2132 1181 2194 aliquis
1196 2131 1357 2196 Hipponactis
1368 2131 1467 2196 quando
1479 2134 1619 2198 sepulcrum
1633 2135 1754 2198 praeterit,
1785 2198 1790 2208 ι

1062 2222 1177 2284 precetur
1193 2219 1299 2271 dormire
1307 2220 1454 2272 benevolum
1465 2221 1578 2272 cadaver.

1211 2369 1266 2416 537.
1284 2367 1411 2416 ΡΗΔΝΙᾸΞ
1428 2366 1636 2416 GRAMMATICI.

1030 2501 1167 2552 Tunrulum
1180 2518 1227 2554 non
1241 2502 1273 2552 ob
1284 2508 1393 2567 patrem,
1405 2504 1448 2553 sed
1464 2503 1626 2554 raldcucncti
1639 2504 1682 2553 salii
1693 2504 1725 2553 nh

1062 2591 1171 2641 dolerem
1182 2592 1252 2655 Lysis
1264 2594 1359 2642 inanem
1370 2591 1437 2641 hunc
1449 2592 1538 2655 egessit
1549 2592 1689 2655 pulverem,

1031 2692 1119 2728 nuurcu
1132 2678 1210 2728 arando
1227 2679 1359 2741 sepeliens,
1370 2691 1419 2727 non
1432 2678 1498 2727 einim
1507 2679 1554 2730 sub
1566 2692 1666 2730 manuni
1679 2682 1810 2743 parentum

1064 2770 1186 2817 venerunt
1196 2766 1277 2816 miseri
1293 2765 1402 2828 reliquie
1414 2765 1551 2816 Mantithei.

1327 2909 1381 2956 538.
1399 2908 1520 2955 aNYTAE.

1032 3044 1199 3097 humbeca
1217 3045 1256 3095 rir
1271 3045 1318 3095 luit
1333 3044 1420 3094 vivens
1432 3045 1507 3094 elim:
1524 3059 1589 3094 nuile
1607 3048 1690 3095 autem
1705 3049 1820 3097 mortuus

1064 3147 1173 3198 aeque-ac
1182 3132 1272 3183 Darius
1288 3133 1328 3183 ille
1336 3146 1441 3198 magnus
1452 3133 1536 3197 pollet.

1267 3279 1320 3324 339.
1339 3275 1445 3323 PERSAE
1467 3274 1586 3322 POETAE.

1032 3416 1084 3464 lton
1096 3414 1249 3477 previdens,
1261 3415 1403 3473 Theotime,
1414 3414 1507 3465 malum
1520 3428 1637 3485 cerasum
1650 3415 1725 3479 plurii

1064 3500 1177 3565 arctum,
1191 3502 1325 3553 terribilem
1335 3515 1501 3567 aggressuses
1509 3504 1701 3566 navigationem,

1034 3605 1090 3655 quae
1102 3594 1142 3656 te,
1154 3606 1199 3656 per
1220 3594 1330 3657 Qmum
1349 3591 1661 3643 habente-multa-transtra
1678 3596 1816 3643 currentem

1064 3680 1134 3743 nari,
1145 3694 1202 3730 cum
1211 3681 1260 3731 tuis
1270 3680 1395 3731 sodallbus
1404 3679 1474 3731 duxit
1483 3679 1509 3730 in
1518 3683 1618 3731 Orcum.

1037 3864 1230 3934 Hipponacleum
1241 3866 1326 3914 transis
1337 3867 1481 3932 quicumque
1489 3866 1654 3932 sepulchrum.

1068 3950 1115 3995 Fac
1130 3946 1182 4007 dis,
1196 3956 1223 3995 ut
1238 3947 1312 3996 lacilis
1321 3947 1425 3996 dormiat
1434 3949 1492 4010 ille,
1506 3964 1596 4014 preces.

1335 4058 1392 4119 537.
1413 4073 1520 4108 ananias.

1036 4163 1091 4210 Non
1103 4161 1181 4227 patri,
1197 4161 1237 4211 sed
1252 4178 1305 4227 quae
1318 4162 1390 4227 magis
1402 4172 1437 4213 cst
1451 4162 1484 4213 ris
1493 4163 1588 4222 flenda,
1599 4165 1755 4231 sepulchrum

1070 4247 1122 4293 Hoc
1133 4253 1191 4293 nato
1200 4244 1265 4311 Lysis
1282 4245 1370 4295 struxit
1382 4246 1453 4295 inane
1466 4261 1518 4296 suo.

1036 4324 1146 4377 Numinis
1160 4337 1196 4376 est
1209 4326 1323 4378 tumulus.
1338 4330 1400 4377 Nam
1414 4343 1463 4377 non
1476 4326 1585 4378 habuere
1599 4339 1711 4394 parentes

1070 4409 1140 4471 Quod
1153 4418 1248 4474 possent
1259 4409 1341 4458 miseri
1350 4409 1454 4458 condere
1463 4408 1603 4461 Mantitbei.

1343 4518 1400 4566 533.
1419 4533 1517 4566 assam.

1039 4626 1112 4674 Visus
1124 4635 1176 4674 erat
1188 4629 1289 4684 Manes,
1303 4626 1345 4674 sed
1354 4635 1479 4691 postquam
1493 4634 1602 4674 mortuus
1617 4626 1662 4675 isle
1674 4635 1723 4687 est,

1071 4706 1159 4756 Darius
1171 4717 1286 4771 quantuni
1307 4722 1405 4771 magnus
1416 4717 1440 4755 cl
1453 4707 1503 4771 ipsc
1516 4715 1606 4772 potest.

1290 4818 1347 4880 539.
1375 4833 1456 4863 pansas
1481 4833 1572 4865 nuere.

1041 4923 1154 4973 Imbriler
1168 4929 1282 4973 hacteuus
1292 4940 1357 4973 mare
1369 4940 1432 4979 euur,
1444 4924 1586 4986 Τίιεοιὶιιιο,
1597 4923 1710 4982 subiret,

1074 5009 1174 5055 lncauto
1192 5005 1267 5071 pelagi
1278 5015 1335 5055 lianc
1346 5006 1390 5055 tihi
1405 5006 1477 5071 cupit
1491 5005 1546 5056 iter.

1041 5089 1080 5138 ste
1092 5086 1164 5136 miser
1176 5093 1279 5152 AEgreum
1292 5089 1368 5137 multo
1379 5090 1436 5137 dum
1451 5089 1539 5152 remige
1552 5090 1642 5152 curris,

1078 5172 1168 5233 Raptus
1179 5185 1204 5217 es
1213 5171 1242 5217 ad
1253 5173 1336 5218 Manes
1349 5179 1374 5218 ιιι
1392 5170 1537 5235 consilesque
1546 5172 1588 5222 tui.
