<?xml version="1.0" encoding="UTF-8"?>
<!DOCTYPE html PUBLIC "-//W3C//DTD XHTML 1.0 Transitional//EN"
    "http://www.w3.org/TR/xhtml1/DTD/xhtml1-transitional.dtd">
<html xmlns="http://www.w3.org/1999/xhtml" xml:lang="en" lang="en">
 <head>
  <title>
</title>
<meta http-equiv="Content-Type" content="text/html;charset=utf-8" />
  <meta name='ocr-system' content='tesseract 3.04.00' />
  <meta name='ocr-capabilities' content='ocr_page ocr_carea ocr_par ocr_line ocrx_word'/>
</head>
<body>
  <div class='ocr_page' id='page_1' title='image "./epigrammatumant03plangoog/epigrammatumant03plangoog_0532.png"; bbox 0 0 3960 6162; ppageno 0'>
   <div class='ocr_carea' id='block_1_1' title="bbox 704 249 1773 329">
    <p class='ocr_par' dir='ltr' id='par_1_1' title="bbox 704 249 1773 329">
     <span class='ocr_line' id='line_1_1' title="bbox 704 249 1773 329; baseline 0.019 -20"><span class='ocrx_word' id='word_1_1' title='bbox 704 249 743 310; x_wconf 91' lang='lat' dir='ltr'><strong>IN</strong></span> <span class='ocrx_word' id='word_1_2' title='bbox 764 249 892 312; x_wconf 80' lang='lat' dir='ltr'>CAPUT</span> <span class='ocrx_word' id='word_1_3' title='bbox 912 253 964 315; x_wconf 85' lang='lat' dir='ltr'><strong>Vll</strong></span> <span class='ocrx_word' id='word_1_4' title='bbox 988 254 1218 318; x_wconf 78' lang='lat' dir='ltr'><strong>annonaria.</strong></span> <span class='ocrx_word' id='word_1_5' title='bbox 1482 316 1486 321; x_wconf 97' lang='lat'><strong>.</strong></span> <span class='ocrx_word' id='word_1_6' title='bbox 1705 268 1773 329; x_wconf 73' lang='lat'><strong>505·</strong></span> 
     </span>
    </p>
   </div>
   <div class='ocr_carea' id='block_1_2' title="bbox 108 378 1843 5178">
    <p class='ocr_par' dir='ltr' id='par_1_2' title="bbox 148 378 1772 947">
     <span class='ocr_line' id='line_1_2' title="bbox 148 378 1767 460; baseline 0.008 -26"><span class='ocrx_word' id='word_1_7' title='bbox 148 383 275 443; x_wconf 65' lang='lat' dir='ltr'><strong>eburata,</strong></span> <span class='ocrx_word' id='word_1_8' title='bbox 288 380 414 445; x_wconf 74' lang='lat' dir='ltr'><strong>Sophoclis</strong></span> <span class='ocrx_word' id='word_1_9' title='bbox 427 381 512 431; x_wconf 85' lang='lat' dir='ltr'><strong>autem</strong></span> <span class='ocrx_word' id='word_1_10' title='bbox 529 378 616 444; x_wconf 77' lang='lat' dir='ltr'><strong>tragici</strong></span> <span class='ocrx_word' id='word_1_11' title='bbox 633 380 658 429; x_wconf 90' lang='lat' dir='ltr'><strong>in</strong></span> <span class='ocrx_word' id='word_1_12' title='bbox 674 384 740 431; x_wconf 88' lang='lat' dir='ltr'><strong>astu.</strong></span> <span class='ocrx_word' id='word_1_13' title='bbox 753 409 784 419; x_wconf 92' lang='lat'><em>-</em></span> <span class='ocrx_word' id='word_1_14' title='bbox 798 389 812 433; x_wconf 76' lang='grc' dir='ltr'><strong>κ</strong></span> <span class='ocrx_word' id='word_1_15' title='bbox 825 382 896 433; x_wconf 76' lang='grc' dir='ltr'>ἄλλον</span> <span class='ocrx_word' id='word_1_16' title='bbox 908 385 935 434; x_wconf 89' lang='lat' dir='ltr'><strong>et</strong></span> <span class='ocrx_word' id='word_1_17' title='bbox 980 384 1061 437; x_wconf 74' lang='lat' dir='ltr'><strong>meus.</strong></span> <span class='ocrx_word' id='word_1_18' title='bbox 1077 389 1106 437; x_wconf 89' lang='lat' dir='ltr'><strong>ln</strong></span> <span class='ocrx_word' id='word_1_19' title='bbox 1116 388 1144 437; x_wconf 90' lang='grc' dir='ltr'><strong>ού</strong></span> <span class='ocrx_word' id='word_1_20' title='bbox 1159 390 1210 451; x_wconf 75' lang='grc' dir='ltr'>χερὶ</span> <span class='ocrx_word' id='word_1_21' title='bbox 1231 388 1332 439; x_wconf 79' lang='lat' dir='ltr'><strong>verbum</strong></span> <span class='ocrx_word' id='word_1_22' title='bbox 1347 390 1445 442; x_wconf 84' lang='lat' dir='ltr'><strong>videtur</strong></span> <span class='ocrx_word' id='word_1_23' title='bbox 1457 390 1542 451; x_wconf 87' lang='lat' dir='ltr'><strong>latere,</strong></span> <span class='ocrx_word' id='word_1_24' title='bbox 1557 394 1623 457; x_wconf 86' lang='lat' dir='ltr'><strong>quod</strong></span> <span class='ocrx_word' id='word_1_25' title='bbox 1644 395 1767 460; x_wconf 78' lang='lat' dir='ltr'><strong>significat</strong></span> 
     </span>
     <span class='ocr_line' id='line_1_3' title="bbox 149 450 1772 532; baseline 0.009 -27"><span class='ocrx_word' id='word_1_26' title='bbox 149 456 265 517; x_wconf 83' lang='grc' dir='ltr'>σοφοκλής</span> <span class='ocrx_word' id='word_1_27' title='bbox 288 452 354 515; x_wconf 81' lang='lat' dir='ltr'><strong>(sic)</strong></span> <span class='ocrx_word' id='word_1_28' title='bbox 377 450 476 513; x_wconf 81' lang='lat' dir='ltr'><strong>codex,</strong></span> <span class='ocrx_word' id='word_1_29' title='bbox 499 450 567 514; x_wconf 81' lang='lat' dir='ltr'><strong>quod</strong></span> <span class='ocrx_word' id='word_1_30' title='bbox 588 452 671 501; x_wconf 70' lang='lat' dir='ltr'><strong>nesae</strong></span> <span class='ocrx_word' id='word_1_31' title='bbox 698 466 776 515; x_wconf 88' lang='lat' dir='ltr'><strong>quare</strong></span> <span class='ocrx_word' id='word_1_32' title='bbox 800 452 826 502; x_wconf 90' lang='lat' dir='ltr'><strong>in</strong></span> <span class='ocrx_word' id='word_1_33' title='bbox 851 457 937 504; x_wconf 86' lang='lat' dir='ltr'><strong>aostm</strong></span> <span class='ocrx_word' id='word_1_34' title='bbox 980 456 1404 519; x_wconf 64' lang='lat' dir='ltr'><strong>ainptp1,utn0bittssimustuerit</strong></span> <span class='ocrx_word' id='word_1_35' title='bbox 1419 463 1508 528; x_wconf 79' lang='lat' dir='ltr'><strong>exiliis</strong></span> <span class='ocrx_word' id='word_1_36' title='bbox 1523 465 1686 528; x_wconf 81' lang='lat' dir='ltr'><strong>poetissatis</strong></span> <span class='ocrx_word' id='word_1_37' title='bbox 1702 482 1772 532; x_wconf 82' lang='lat' dir='ltr'><strong>prte-</strong></span> 
     </span>
     <span class='ocr_line' id='line_1_4' title="bbox 148 522 1768 604; baseline 0.01 -30"><span class='ocrx_word' id='word_1_38' title='bbox 148 524 261 589; x_wconf 82' lang='lat' dir='ltr'><strong>eaemplo</strong></span> <span class='ocrx_word' id='word_1_39' title='bbox 279 522 379 574; x_wconf 84' lang='lat' dir='ltr'><strong>reduxit</strong></span> <span class='ocrx_word' id='word_1_40' title='bbox 390 522 499 581; x_wconf 60' lang='lat' dir='ltr'><strong>iaccbat</strong></span> <span class='ocrx_word' id='word_1_41' title='bbox 518 534 640 572; x_wconf 79' lang='lat' dir='ltr'><strong>matema</strong></span> <span class='ocrx_word' id='word_1_42' title='bbox 659 523 742 583; x_wconf 75' lang='lat' dir='ltr'><strong>cetea,</strong></span> <span class='ocrx_word' id='word_1_43' title='bbox 753 526 782 573; x_wconf 88' lang='lat' dir='ltr'><strong>at</strong></span> <span class='ocrx_word' id='word_1_44' title='bbox 796 523 851 587; x_wconf 88' lang='lat' dir='ltr'><strong>ipse</strong></span> <span class='ocrx_word' id='word_1_45' title='bbox 866 525 934 586; x_wconf 89' lang='lat' dir='ltr'><strong>otim,</strong></span> <span class='ocrx_word' id='word_1_46' title='bbox 980 526 1068 577; x_wconf 87' lang='lat' dir='ltr'><strong>stantis</strong></span> <span class='ocrx_word' id='word_1_47' title='bbox 1077 532 1159 578; x_wconf 87' lang='lat' dir='ltr'><strong>autern</strong></span> <span class='ocrx_word' id='word_1_48' title='bbox 1176 529 1252 581; x_wconf 83' lang='lat' dir='ltr'><strong>tuisse</strong></span> <span class='ocrx_word' id='word_1_49' title='bbox 1268 531 1356 595; x_wconf 75' lang='lat' dir='ltr'><strong>ingenii</strong></span> <span class='ocrx_word' id='word_1_50' title='bbox 1370 535 1469 596; x_wconf 87' lang='lat' dir='ltr'><strong>poetam</strong></span> <span class='ocrx_word' id='word_1_51' title='bbox 1490 535 1598 586; x_wconf 84' lang='lat' dir='ltr'><strong>eflicitur</strong></span> <span class='ocrx_word' id='word_1_52' title='bbox 1613 545 1768 604; x_wconf 76' lang='lat' dir='ltr'><strong>exsequenti</strong></span> 
     </span>
     <span class='ocr_line' id='line_1_5' title="bbox 148 592 1765 671; baseline 0.012 -27"><span class='ocrx_word' id='word_1_53' title='bbox 148 595 253 660; x_wconf 83' lang='lat' dir='ltr'><strong>probeat</strong></span> <span class='ocrx_word' id='word_1_54' title='bbox 264 594 441 645; x_wconf 75' lang='lat' dir='ltr'><strong>mnasonem</strong></span> <span class='ocrx_word' id='word_1_55' title='bbox 453 592 576 654; x_wconf 80' lang='lat' dir='ltr'><strong>branchii,</strong></span> <span class='ocrx_word' id='word_1_56' title='bbox 592 593 696 644; x_wconf 85' lang='lat' dir='ltr'><strong>Botlrius</strong></span> <span class='ocrx_word' id='word_1_57' title='bbox 708 596 823 657; x_wconf 81' lang='grc' dir='ltr'>Σοφοκλῆ.</span> <span class='ocrx_word' id='word_1_58' title='bbox 836 596 936 646; x_wconf 78' lang='lat' dir='ltr'><strong>nelias</strong></span> <span class='ocrx_word' id='word_1_59' title='bbox 980 609 1053 648; x_wconf 80' lang='lat' dir='ltr'><strong>versu</strong></span> <span class='ocrx_word' id='word_1_60' title='bbox 1068 597 1224 660; x_wconf 74' lang='lat' dir='ltr'><strong>Dioscorida,</strong></span> <span class='ocrx_word' id='word_1_61' title='bbox 1241 614 1348 664; x_wconf 84' lang='lat' dir='ltr'><strong>quocum</strong></span> <span class='ocrx_word' id='word_1_62' title='bbox 1362 603 1447 653; x_wconf 87' lang='lat' dir='ltr'><strong>contar</strong></span> <span class='ocrx_word' id='word_1_63' title='bbox 1462 603 1517 655; x_wconf 82' lang='lat' dir='ltr'><strong>lraec</strong></span> <span class='ocrx_word' id='word_1_64' title='bbox 1534 607 1635 670; x_wconf 80' lang='lat' dir='ltr'><strong>Longini</strong></span> <span class='ocrx_word' id='word_1_65' title='bbox 1646 623 1668 659; x_wconf 92' lang='lat' dir='ltr'><strong>c.</strong></span> <span class='ocrx_word' id='word_1_66' title='bbox 1680 615 1721 671; x_wconf 87' lang='grc'>33,</span> <span class='ocrx_word' id='word_1_67' title='bbox 1734 619 1765 663; x_wconf 82' lang='lat' dir='ltr'><strong>t:</strong></span> 
     </span>
     <span class='ocr_line' id='line_1_6' title="bbox 148 663 1764 745; baseline 0.009 -29"><span class='ocrx_word' id='word_1_68' title='bbox 148 667 221 716; x_wconf 75' lang='grc' dir='ltr'>ἄλλου</span> <span class='ocrx_word' id='word_1_69' title='bbox 230 665 269 716; x_wconf 84' lang='grc' dir='ltr'>ὕπ’</span> <span class='ocrx_word' id='word_1_70' title='bbox 286 667 339 716; x_wconf 78' lang='lat' dir='ltr'><strong>eoo.</strong></span> <span class='ocrx_word' id='word_1_71' title='bbox 353 668 379 715; x_wconf 86' lang='lat' dir='ltr'><strong>et</strong></span> <span class='ocrx_word' id='word_1_72' title='bbox 397 666 525 727; x_wconf 75' lang='grc' dir='ltr'>Σοφοκλῆς,</span> <span class='ocrx_word' id='word_1_73' title='bbox 544 663 660 728; x_wconf 86' lang='lat' dir='ltr'><strong>suppleto</strong></span> <span class='ocrx_word' id='word_1_74' title='bbox 674 672 790 727; x_wconf 80' lang='grc' dir='ltr'>καμεῖται.</span> <span class='ocrx_word' id='word_1_75' title='bbox 805 666 936 716; x_wconf 74' lang='lat' dir='ltr'><strong>confertur</strong></span> <span class='ocrx_word' id='word_1_76' title='bbox 979 666 1021 722; x_wconf 76' lang='grc' dir='ltr'><strong>τὰς</strong></span> <span class='ocrx_word' id='word_1_77' title='bbox 1030 668 1072 730; x_wconf 78' lang='grc' dir='ltr'><strong>μὲν</strong></span> <span class='ocrx_word' id='word_1_78' title='bbox 1082 672 1191 727; x_wconf 78' lang='grc' dir='ltr'>ταπεινὰς</span> <span class='ocrx_word' id='word_1_79' title='bbox 1206 673 1246 720; x_wconf 81' lang='grc' dir='ltr'><strong>καὶ</strong></span> <span class='ocrx_word' id='word_1_80' title='bbox 1265 673 1337 734; x_wconf 83' lang='grc' dir='ltr'>με’σας</span> <span class='ocrx_word' id='word_1_81' title='bbox 1350 674 1430 736; x_wconf 83' lang='grc' dir='ltr'>φύσεις</span> <span class='ocrx_word' id='word_1_82' title='bbox 1445 675 1522 726; x_wconf 79' lang='grc' dir='ltr'>διὰτὸ</span> <span class='ocrx_word' id='word_1_83' title='bbox 1536 678 1632 741; x_wconf 75' lang='grc' dir='ltr'>μηδαμῆ</span> <span class='ocrx_word' id='word_1_84' title='bbox 1649 698 1764 745; x_wconf 85' lang='grc' dir='ltr'>παρακιν-</span> 
     </span>
     <span class='ocr_line' id='line_1_7' title="bbox 148 708 1766 811; baseline 0.011 -25"><span class='ocrx_word' id='word_1_85' title='bbox 148 736 218 803; x_wconf 86' lang='lat' dir='ltr'><strong>quoti</strong></span> <span class='ocrx_word' id='word_1_86' title='bbox 230 735 377 787; x_wconf 78' lang='lat' dir='ltr'><strong>Theocritus</strong></span> <span class='ocrx_word' id='word_1_87' title='bbox 394 735 455 786; x_wconf 80' lang='lat' dir='ltr'><strong>dixit</strong></span> <span class='ocrx_word' id='word_1_88' title='bbox 471 737 513 796; x_wconf 83' lang='lat' dir='ltr'><strong>xl,</strong></span> <span class='ocrx_word' id='word_1_89' title='bbox 524 747 564 799; x_wconf 88' lang='lat' dir='ltr'><strong>ep.</strong></span> <span class='ocrx_word' id='word_1_90' title='bbox 580 739 627 787; x_wconf 79' lang='lat' dir='ltr'><strong>lsi</strong></span> <span class='ocrx_word' id='word_1_91' title='bbox 646 735 697 792; x_wconf 75' lang='lat' dir='ltr'><strong>zei:</strong></span> <span class='ocrx_word' id='word_1_92' title='bbox 714 737 773 787; x_wconf 66' lang='grc' dir='ltr'>ἀπὸ</span> <span class='ocrx_word' id='word_1_93' title='bbox 783 742 830 786; x_wconf 79' lang='grc' dir='ltr'><strong>τῶν</strong></span> <span class='ocrx_word' id='word_1_94' title='bbox 842 738 935 787; x_wconf 88' lang='grc' dir='ltr'>πολλῶν</span> <span class='ocrx_word' id='word_1_95' title='bbox 954 708 959 761; x_wconf 70' lang='grc' dir='ltr'>Ι</span> <span class='ocrx_word' id='word_1_96' title='bbox 980 739 1083 790; x_wconf 80' lang='grc' dir='ltr'>δνντῦτιν</span> <span class='ocrx_word' id='word_1_97' title='bbox 1096 743 1154 802; x_wconf 76' lang='grc' dir='ltr'>μηδὲ</span> <span class='ocrx_word' id='word_1_98' title='bbox 1176 743 1279 804; x_wconf 74' lang='grc' dir='ltr'>ἐφίεσθαι</span> <span class='ocrx_word' id='word_1_99' title='bbox 1296 749 1344 793; x_wconf 86' lang='grc' dir='ltr'><strong>τῶν</strong></span> <span class='ocrx_word' id='word_1_100' title='bbox 1357 745 1436 808; x_wconf 81' lang='grc' dir='ltr'>ἄκρων</span> <span class='ocrx_word' id='word_1_101' title='bbox 1450 746 1624 811; x_wconf 72' lang='grc' dir='ltr'>ἀναμαρτήτους</span> <span class='ocrx_word' id='word_1_102' title='bbox 1636 754 1669 807; x_wconf 79' lang='grc' dir='ltr'><strong>ὡς</strong></span> <span class='ocrx_word' id='word_1_103' title='bbox 1686 753 1724 802; x_wconf 82' lang='grc' dir='ltr'>ἐπὶ</span> <span class='ocrx_word' id='word_1_104' title='bbox 1739 756 1766 803; x_wconf 86' lang='grc' dir='ltr'><strong>τὸ</strong></span> 
     </span>
     <span class='ocr_line' id='line_1_8' title="bbox 149 807 1766 884; baseline 0.007 -23"><span class='ocrx_word' id='word_1_105' title='bbox 149 813 197 876; x_wconf 82' lang='lat' dir='ltr'><strong>alpi</strong></span> <span class='ocrx_word' id='word_1_106' title='bbox 215 810 374 873; x_wconf 75' lang='grc' dir='ltr'>Συρακοσίων.</span> <span class='ocrx_word' id='word_1_107' title='bbox 398 809 523 859; x_wconf 83' lang='lat' dir='ltr'><strong>Hocherus</strong></span> <span class='ocrx_word' id='word_1_108' title='bbox 542 826 577 856; x_wconf 79' lang='lat' dir='ltr'><strong>:a</strong></span> <span class='ocrx_word' id='word_1_109' title='bbox 598 810 689 857; x_wconf 86' lang='lat' dir='ltr'><strong>Parum</strong></span> <span class='ocrx_word' id='word_1_110' title='bbox 708 822 817 873; x_wconf 55' lang='lat' dir='ltr'><strong>&amp;amum</strong></span> <span class='ocrx_word' id='word_1_111' title='bbox 833 807 935 858; x_wconf 79' lang='lat' dir='ltr'><strong>videtur</strong></span> <span class='ocrx_word' id='word_1_112' title='bbox 980 810 1040 859; x_wconf 82' lang='grc' dir='ltr'>πολὺ</span> <span class='ocrx_word' id='word_1_113' title='bbox 1059 812 1100 859; x_wconf 87' lang='grc' dir='ltr'><strong>καὶ</strong></span> <span class='ocrx_word' id='word_1_114' title='bbox 1123 812 1296 875; x_wconf 77' lang='grc' dir='ltr'>ἀσφαλεστέρας</span> <span class='ocrx_word' id='word_1_115' title='bbox 1320 814 1448 877; x_wconf 86' lang='grc' dir='ltr'>διαμένειν,</span> <span class='ocrx_word' id='word_1_116' title='bbox 1464 816 1494 864; x_wconf 82' lang='grc' dir='ltr'><strong>τὰ</strong></span> <span class='ocrx_word' id='word_1_117' title='bbox 1508 817 1634 879; x_wconf 68' lang='lat' dir='ltr'><strong>bipertita</strong></span> <span class='ocrx_word' id='word_1_118' title='bbox 1651 821 1766 884; x_wconf 74' lang='grc' dir='ltr'>ἐπισφαλῆ</span> 
     </span>
     <span class='ocr_line' id='line_1_9' title="bbox 149 878 1384 947; baseline -0.004 -13"><span class='ocrx_word' id='word_1_119' title='bbox 149 882 192 934; x_wconf 77' lang='grc' dir='ltr'>ἀπ’</span> <span class='ocrx_word' id='word_1_120' title='bbox 209 882 330 947; x_wconf 80' lang='grc' dir='ltr'>αύύαίμων</span> <span class='ocrx_word' id='word_1_121' title='bbox 352 883 480 944; x_wconf 76' lang='grc' dir='ltr'>ἡμετέρων,</span> <span class='ocrx_word' id='word_1_122' title='bbox 504 893 550 943; x_wconf 92' lang='lat' dir='ltr'><strong>pro</strong></span> <span class='ocrx_word' id='word_1_123' title='bbox 570 894 621 943; x_wconf 85' lang='lat' dir='ltr'><strong>quo</strong></span> <span class='ocrx_word' id='word_1_124' title='bbox 642 880 760 943; x_wconf 68' lang='lat' dir='ltr'><strong>scriptura</strong></span> <span class='ocrx_word' id='word_1_125' title='bbox 782 881 880 943; x_wconf 87' lang='lat' dir='ltr'><strong>opertet</strong></span> <span class='ocrx_word' id='word_1_126' title='bbox 893 881 932 942; x_wconf 81' lang='grc' dir='ltr'><strong>ἀφ’</strong></span> <span class='ocrx_word' id='word_1_127' title='bbox 979 878 1009 930; x_wconf 80' lang='grc' dir='ltr'><strong>δι’</strong></span> <span class='ocrx_word' id='word_1_128' title='bbox 1023 881 1082 931; x_wconf 70' lang='lat' dir='ltr'><strong>abab</strong></span> <span class='ocrx_word' id='word_1_129' title='bbox 1093 882 1197 945; x_wconf 73' lang='grc' dir='ltr'>γίνεσθαι</span> <span class='ocrx_word' id='word_1_130' title='bbox 1211 885 1238 934; x_wconf 81' lang='grc' dir='ltr'><strong>τὸ</strong></span> <span class='ocrx_word' id='word_1_131' title='bbox 1252 885 1356 947; x_wconf 79' lang='grc' dir='ltr'>με’γεύος,</span> <span class='ocrx_word' id='word_1_132' title='bbox 1374 907 1384 929; x_wconf 77' lang='grc' dir='ltr'><strong>ν</strong></span> 
     </span>
    </p>

    <p class='ocr_par' dir='ltr' id='par_1_3' title="bbox 108 951 932 1017">
     <span class='ocr_line' id='line_1_10' title="bbox 108 951 932 1017; baseline 0.002 -18"><span class='ocrx_word' id='word_1_133' title='bbox 108 995 112 999; x_wconf 79' lang='grc'>,</span> <span class='ocrx_word' id='word_1_134' title='bbox 148 956 216 1016; x_wconf 73' lang='grc' dir='ltr'>ἡμῶν</span> <span class='ocrx_word' id='word_1_135' title='bbox 232 953 362 1016; x_wconf 76' lang='grc' dir='ltr'>αύύαίμων.</span> <span class='ocrx_word' id='word_1_136' title='bbox 375 952 423 1004; x_wconf 88' lang='lat' dir='ltr'><strong>Sed</strong></span> <span class='ocrx_word' id='word_1_137' title='bbox 438 967 482 1017; x_wconf 92' lang='lat' dir='ltr'><strong>pro</strong></span> <span class='ocrx_word' id='word_1_138' title='bbox 501 955 619 1015; x_wconf 80' lang='grc' dir='ltr'><strong>ἡμετέρων</strong></span> <span class='ocrx_word' id='word_1_139' title='bbox 640 951 802 1003; x_wconf 75' lang='lat' dir='ltr'><strong>scribendum</strong></span> <span class='ocrx_word' id='word_1_140' title='bbox 826 953 932 1014; x_wconf 76' lang='grc' dir='ltr'>ἡμέτε-</span> 
     </span>
    </p>

    <p class='ocr_par' dir='ltr' id='par_1_4' title="bbox 146 1024 1843 3351">
     <span class='ocr_line' id='line_1_11' title="bbox 148 1024 1768 1099; baseline 0.006 -23"><span class='ocrx_word' id='word_1_141' title='bbox 148 1029 255 1090; x_wconf 78' lang='grc' dir='ltr'>ρον,ιιύ</span> <span class='ocrx_word' id='word_1_142' title='bbox 263 1025 296 1076; x_wconf 88' lang='lat' dir='ltr'><strong>sit</strong></span> <span class='ocrx_word' id='word_1_143' title='bbox 306 1024 444 1089; x_wconf 69' lang='lat' dir='ltr'><strong>euanuit</strong></span> <span class='ocrx_word' id='word_1_144' title='bbox 457 1024 549 1074; x_wconf 88' lang='lat' dir='ltr'><strong>Eadem</strong></span> <span class='ocrx_word' id='word_1_145' title='bbox 559 1036 620 1073; x_wconf 87' lang='lat' dir='ltr'><strong>cura</strong></span> <span class='ocrx_word' id='word_1_146' title='bbox 628 1024 735 1075; x_wconf 84' lang='lat' dir='ltr'><strong>Sositltoi</strong></span> <span class='ocrx_word' id='word_1_147' title='bbox 745 1025 869 1075; x_wconf 89' lang='lat' dir='ltr'><strong>tumulum</strong></span> <span class='ocrx_word' id='word_1_148' title='bbox 881 1038 936 1074; x_wconf 89' lang='lat' dir='ltr'><strong>cor·</strong></span> <span class='ocrx_word' id='word_1_149' title='bbox 1011 1029 1146 1080; x_wconf 76' lang='lat' dir='ltr'><strong>occulit.</strong></span> <span class='ocrx_word' id='word_1_150' title='bbox 1161 1034 1262 1082; x_wconf 74' lang='lat' dir='ltr'><strong>Lemma</strong></span> <span class='ocrx_word' id='word_1_151' title='bbox 1272 1045 1277 1075; x_wconf 90' lang='lat'>:</span> <span class='ocrx_word' id='word_1_152' title='bbox 1288 1034 1320 1089; x_wconf 80' lang='grc' dir='ltr'><strong>εἰς</strong></span> <span class='ocrx_word' id='word_1_153' title='bbox 1330 1032 1382 1082; x_wconf 75' lang='grc' dir='ltr'>τινὰ</span> <span class='ocrx_word' id='word_1_154' title='bbox 1391 1035 1598 1099; x_wconf 78' lang='grc' dir='ltr'>κωμωύεογράφον·</span> <span class='ocrx_word' id='word_1_155' title='bbox 1607 1039 1768 1097; x_wconf 66' lang='lat' dir='ltr'><strong>tantundem</strong></span> 
     </span>
     <span class='ocr_line' id='line_1_12' title="bbox 147 1085 1768 1175; baseline 0.009 -30"><span class='ocrx_word' id='word_1_156' title='bbox 147 1109 244 1160; x_wconf 83' lang='lat' dir='ltr'><strong>pusque</strong></span> <span class='ocrx_word' id='word_1_157' title='bbox 255 1100 334 1157; x_wconf 87' lang='lat' dir='ltr'><strong>tueor,</strong></span> <span class='ocrx_word' id='word_1_158' title='bbox 353 1108 405 1158; x_wconf 86' lang='lat' dir='ltr'><strong>qua</strong></span> <span class='ocrx_word' id='word_1_159' title='bbox 426 1094 490 1146; x_wconf 81' lang='lat' dir='ltr'><strong>nlius</strong></span> <span class='ocrx_word' id='word_1_160' title='bbox 509 1107 540 1144; x_wconf 77' lang='lat' dir='ltr'><strong>en</strong></span> <span class='ocrx_word' id='word_1_161' title='bbox 562 1094 680 1145; x_wconf 84' lang='lat' dir='ltr'><strong>iratribus</strong></span> <span class='ocrx_word' id='word_1_162' title='bbox 698 1094 843 1159; x_wconf 76' lang='lat' dir='ltr'><strong>Sophoclem</strong></span> <span class='ocrx_word' id='word_1_163' title='bbox 865 1094 936 1145; x_wconf 84' lang='lat' dir='ltr'><strong>nohis</strong></span> <span class='ocrx_word' id='word_1_164' title='bbox 954 1130 958 1175; x_wconf 69' lang='lat'>¹</span> <span class='ocrx_word' id='word_1_165' title='bbox 979 1098 1000 1147; x_wconf 79' lang='grc' dir='ltr'><strong>δ’</strong></span> <span class='ocrx_word' id='word_1_166' title='bbox 1016 1100 1051 1149; x_wconf 75' lang='grc' dir='ltr'><strong>ὅτι</strong></span> <span class='ocrx_word' id='word_1_167' title='bbox 1064 1103 1096 1157; x_wconf 75' lang='lat' dir='ltr'><strong>ele</strong></span> <span class='ocrx_word' id='word_1_168' title='bbox 1109 1103 1149 1151; x_wconf 84' lang='grc' dir='ltr'><strong>τὸν</strong></span> <span class='ocrx_word' id='word_1_169' title='bbox 1163 1104 1233 1153; x_wconf 75' lang='grc' dir='ltr'>αὐτὸν</span> <span class='ocrx_word' id='word_1_170' title='bbox 1251 1105 1376 1154; x_wconf 74' lang='grc' dir='ltr'>Σωσίθεον.</span> <span class='ocrx_word' id='word_1_171' title='bbox 1395 1085 1463 1163; x_wconf 68' lang='grc' dir='ltr'>Ζήτελ</span> <span class='ocrx_word' id='word_1_172' title='bbox 1478 1106 1597 1156; x_wconf 76' lang='grc' dir='ltr'>κάνταῦθα</span> <span class='ocrx_word' id='word_1_173' title='bbox 1614 1110 1656 1167; x_wconf 79' lang='grc' dir='ltr'><strong>τὴν</strong></span> <span class='ocrx_word' id='word_1_174' title='bbox 1676 1109 1768 1160; x_wconf 78' lang='grc' dir='ltr'>ἔννοιαν</span> 
     </span>
     <span class='ocr_line' id='line_1_13' title="bbox 148 1166 1764 1244; baseline 0.007 -24"><span class='ocrx_word' id='word_1_175' title='bbox 148 1168 342 1220; x_wconf 79' lang='lat' dir='ltr'><strong>ddecdssimum.</strong></span> <span class='ocrx_word' id='word_1_176' title='bbox 354 1187 366 1210; x_wconf 78' lang='grc' dir='ltr'><strong>ν</strong></span> <span class='ocrx_word' id='word_1_177' title='bbox 379 1192 411 1203; x_wconf 85' lang='grc'>-</span> <span class='ocrx_word' id='word_1_178' title='bbox 429 1171 443 1218; x_wconf 93' lang='grc'>3</span> <span class='ocrx_word' id='word_1_179' title='bbox 457 1168 550 1230; x_wconf 80' lang='grc' dir='ltr'>σκιρτλς</span> <span class='ocrx_word' id='word_1_180' title='bbox 565 1166 629 1228; x_wconf 85' lang='lat' dir='ltr'><strong>(sic)</strong></span> <span class='ocrx_word' id='word_1_181' title='bbox 645 1169 658 1216; x_wconf 82' lang='lat' dir='ltr'><strong>t</strong></span> <span class='ocrx_word' id='word_1_182' title='bbox 680 1166 778 1231; x_wconf 78' lang='grc' dir='ltr'>τνρρογ.</span> <span class='ocrx_word' id='word_1_183' title='bbox 800 1166 872 1226; x_wconf 71' lang='lat' dir='ltr'><strong>eoa,</strong></span> <span class='ocrx_word' id='word_1_184' title='bbox 886 1179 934 1216; x_wconf 88' lang='lat' dir='ltr'><strong>non</strong></span> <span class='ocrx_word' id='word_1_185' title='bbox 979 1170 1019 1219; x_wconf 80' lang='grc' dir='ltr'><strong>διὰ</strong></span> <span class='ocrx_word' id='word_1_186' title='bbox 1029 1171 1059 1219; x_wconf 82' lang='grc' dir='ltr'><strong>τὰ</strong></span> <span class='ocrx_word' id='word_1_187' title='bbox 1070 1171 1203 1235; x_wconf 73' lang='grc' dir='ltr'>σφάλματα.</span> <span class='ocrx_word' id='word_1_188' title='bbox 1220 1193 1232 1215; x_wconf 89' lang='lat'>«</span> <span class='ocrx_word' id='word_1_189' title='bbox 1248 1175 1301 1224; x_wconf 83' lang='lat' dir='ltr'><strong>Non</strong></span> <span class='ocrx_word' id='word_1_190' title='bbox 1317 1174 1341 1224; x_wconf 91' lang='lat' dir='ltr'><strong>in</strong></span> <span class='ocrx_word' id='word_1_191' title='bbox 1353 1176 1508 1234; x_wconf 85' lang='lat' dir='ltr'><strong>Sositheam,</strong></span> <span class='ocrx_word' id='word_1_192' title='bbox 1520 1177 1563 1227; x_wconf 87' lang='lat' dir='ltr'><strong>sed</strong></span> <span class='ocrx_word' id='word_1_193' title='bbox 1576 1178 1600 1226; x_wconf 90' lang='lat' dir='ltr'><strong>in</strong></span> <span class='ocrx_word' id='word_1_194' title='bbox 1609 1179 1764 1244; x_wconf 78' lang='lat' dir='ltr'><strong>Marionem,</strong></span> 
     </span>
     <span class='ocr_line' id='line_1_14' title="bbox 148 1236 1765 1306; baseline 0.008 -16"><span class='ocrx_word' id='word_1_195' title='bbox 148 1241 241 1306; x_wconf 76' lang='grc' dir='ltr'>πνρρτγ.</span> <span class='ocrx_word' id='word_1_196' title='bbox 259 1238 340 1302; x_wconf 76' lang='lat' dir='ltr'><strong>Satyri</strong></span> <span class='ocrx_word' id='word_1_197' title='bbox 356 1251 446 1287; x_wconf 89' lang='lat' dir='ltr'><strong>nomen</strong></span> <span class='ocrx_word' id='word_1_198' title='bbox 459 1239 506 1286; x_wconf 76' lang='grc' dir='ltr'>ἀπὸ</span> <span class='ocrx_word' id='word_1_199' title='bbox 523 1242 567 1285; x_wconf 74' lang='grc' dir='ltr'><strong>τοῦ</strong></span> <span class='ocrx_word' id='word_1_200' title='bbox 589 1242 701 1301; x_wconf 77' lang='grc' dir='ltr'>σκιρτᾷν,</span> <span class='ocrx_word' id='word_1_201' title='bbox 723 1241 751 1288; x_wconf 89' lang='lat' dir='ltr'><strong>ut</strong></span> <span class='ocrx_word' id='word_1_202' title='bbox 771 1236 829 1287; x_wconf 89' lang='lat' dir='ltr'><strong>alibi</strong></span> <span class='ocrx_word' id='word_1_203' title='bbox 847 1237 936 1302; x_wconf 84' lang='lat' dir='ltr'><strong>legitur</strong></span> <span class='ocrx_word' id='word_1_204' title='bbox 980 1244 1008 1291; x_wconf 93' lang='lat' dir='ltr'><strong>ut</strong></span> <span class='ocrx_word' id='word_1_205' title='bbox 1022 1244 1091 1303; x_wconf 86' lang='lat' dir='ltr'><strong>patet</strong></span> <span class='ocrx_word' id='word_1_206' title='bbox 1103 1255 1133 1293; x_wconf 83' lang='lat' dir='ltr'><strong>ex</strong></span> <span class='ocrx_word' id='word_1_207' title='bbox 1146 1256 1219 1294; x_wconf 81' lang='lat' dir='ltr'><strong>uersa</strong></span> <span class='ocrx_word' id='word_1_208' title='bbox 1236 1244 1344 1295; x_wconf 71' lang='lat' dir='ltr'><strong>meando</strong></span> <span class='ocrx_word' id='word_1_209' title='bbox 1359 1250 1383 1297; x_wconf 89' lang='lat' dir='ltr'><strong>ct</strong></span> <span class='ocrx_word' id='word_1_210' title='bbox 1399 1260 1429 1297; x_wconf 80' lang='lat' dir='ltr'><strong>ex</strong></span> <span class='ocrx_word' id='word_1_211' title='bbox 1444 1246 1538 1297; x_wconf 85' lang='lat' dir='ltr'><strong>diserta</strong></span> <span class='ocrx_word' id='word_1_212' title='bbox 1553 1249 1662 1299; x_wconf 80' lang='lat' dir='ltr'><strong>attrenaei</strong></span> <span class='ocrx_word' id='word_1_213' title='bbox 1682 1265 1765 1303; x_wconf 77' lang='lat' dir='ltr'><strong>nana·</strong></span> 
     </span>
     <span class='ocr_line' id='line_1_15' title="bbox 148 1306 1843 1384; baseline 0.006 -22"><span class='ocrx_word' id='word_1_214' title='bbox 148 1311 273 1374; x_wconf 78' lang='grc' dir='ltr'>ονιφτοτ-λτ</span> <span class='ocrx_word' id='word_1_215' title='bbox 296 1309 406 1372; x_wconf 73' lang='grc' dir='ltr'>Σάτυρος,</span> <span class='ocrx_word' id='word_1_216' title='bbox 425 1328 437 1350; x_wconf 71' lang='grc' dir='ltr'><strong>ν</strong></span> <span class='ocrx_word' id='word_1_217' title='bbox 455 1307 514 1370; x_wconf 80' lang='lat' dir='ltr'><strong>quia</strong></span> <span class='ocrx_word' id='word_1_218' title='bbox 534 1306 663 1357; x_wconf 72' lang='lat' dir='ltr'><strong>saltatione</strong></span> <span class='ocrx_word' id='word_1_219' title='bbox 683 1311 709 1358; x_wconf 78' lang='lat' dir='ltr'><strong>et</strong></span> <span class='ocrx_word' id='word_1_220' title='bbox 722 1308 817 1357; x_wconf 74' lang='lat' dir='ltr'><strong>clreicis</strong></span> <span class='ocrx_word' id='word_1_221' title='bbox 831 1307 936 1359; x_wconf 80' lang='lat' dir='ltr'><strong>delecta·</strong></span> <span class='ocrx_word' id='word_1_222' title='bbox 955 1336 958 1371; x_wconf 83' lang='lat' dir='ltr'><strong>r</strong></span> <span class='ocrx_word' id='word_1_223' title='bbox 980 1314 1204 1378; x_wconf 63' lang='lat' dir='ltr'><strong>trecenarium,</strong></span> <span class='ocrx_word' id='word_1_224' title='bbox 1219 1316 1345 1381; x_wconf 68' lang='lat' dir='ltr'><strong>atla.»</strong></span> <span class='ocrx_word' id='word_1_225' title='bbox 1361 1320 1389 1368; x_wconf 86' lang='lat' dir='ltr'><strong>n.</strong></span> <span class='ocrx_word' id='word_1_226' title='bbox 1408 1319 1456 1375; x_wconf 75' lang='lat' dir='ltr'><strong>otri</strong></span> <span class='ocrx_word' id='word_1_227' title='bbox 1470 1318 1537 1367; x_wconf 63' lang='lat' dir='ltr'><strong>naec:</strong></span> <span class='ocrx_word' id='word_1_228' title='bbox 1552 1320 1642 1382; x_wconf 76' lang='grc' dir='ltr'>τιύχων</span> <span class='ocrx_word' id='word_1_229' title='bbox 1654 1324 1667 1370; x_wconf 83' lang='lat' dir='ltr'><strong>e</strong></span> <span class='ocrx_word' id='word_1_230' title='bbox 1680 1339 1766 1384; x_wconf 69' lang='grc' dir='ltr'>νωμω·</span> <span class='ocrx_word' id='word_1_231' title='bbox 1839 1328 1843 1334; x_wconf 90' lang='grc'><strong><em>·</em></strong></span> 
     </span>
     <span class='ocr_line' id='line_1_16' title="bbox 147 1372 1765 1451; baseline 0.003 -16"><span class='ocrx_word' id='word_1_232' title='bbox 147 1380 239 1431; x_wconf 75' lang='lat' dir='ltr'><strong>beatu</strong></span> <span class='ocrx_word' id='word_1_233' title='bbox 247 1377 327 1441; x_wconf 64' lang='lat' dir='ltr'><strong>Satist</strong></span> <span class='ocrx_word' id='word_1_234' title='bbox 335 1397 342 1438; x_wconf 79' lang='lat'><em>3</em></span> <span class='ocrx_word' id='word_1_235' title='bbox 350 1391 375 1426; x_wconf 78' lang='lat' dir='ltr'><strong>r.</strong></span> <span class='ocrx_word' id='word_1_236' title='bbox 389 1378 468 1427; x_wconf 84' lang='lat' dir='ltr'><strong>Nono.</strong></span> <span class='ocrx_word' id='word_1_237' title='bbox 478 1377 549 1426; x_wconf 88' lang='lat' dir='ltr'><strong>Dion.</strong></span> <span class='ocrx_word' id='word_1_238' title='bbox 558 1380 620 1434; x_wconf 65' lang='lat' dir='ltr'><strong>XIV·</strong></span> <span class='ocrx_word' id='word_1_239' title='bbox 639 1383 690 1437; x_wconf 74' lang='lat' dir='ltr'><strong>tlt,</strong></span> <span class='ocrx_word' id='word_1_240' title='bbox 702 1378 805 1428; x_wconf 79' lang='lat' dir='ltr'><strong>lobach.</strong></span> <span class='ocrx_word' id='word_1_241' title='bbox 817 1378 935 1442; x_wconf 74' lang='lat' dir='ltr'><strong>Aglaoph·</strong></span> <span class='ocrx_word' id='word_1_242' title='bbox 980 1387 1096 1447; x_wconf 77' lang='lat' dir='ltr'><strong>droactb;,</strong></span> <span class='ocrx_word' id='word_1_243' title='bbox 1107 1391 1121 1436; x_wconf 88' lang='lat' dir='ltr'><strong>d</strong></span> <span class='ocrx_word' id='word_1_244' title='bbox 1132 1388 1250 1449; x_wconf 76' lang='grc' dir='ltr'>Κορίνθιος</span> <span class='ocrx_word' id='word_1_245' title='bbox 1260 1390 1302 1451; x_wconf 75' lang='grc' dir='ltr'><strong>μὲν</strong></span> <span class='ocrx_word' id='word_1_246' title='bbox 1315 1392 1330 1447; x_wconf 76' lang='lat' dir='ltr'><strong>i,</strong></span> <span class='ocrx_word' id='word_1_247' title='bbox 1344 1392 1470 1444; x_wconf 75' lang='grc' dir='ltr'>Σικυώνιος</span> <span class='ocrx_word' id='word_1_248' title='bbox 1480 1390 1614 1450; x_wconf 78' lang='grc' dir='ltr'>γενόμενος,</span> <span class='ocrx_word' id='word_1_249' title='bbox 1624 1392 1648 1439; x_wconf 71' lang='grc' dir='ltr'><strong>ἐν</strong></span> <span class='ocrx_word' id='word_1_250' title='bbox 1663 1372 1765 1450; x_wconf 69' lang='grc' dir='ltr'>Ἀλεξαν-</span> 
     </span>
     <span class='ocr_line' id='line_1_17' title="bbox 147 1447 1765 1522; baseline 0.006 -21"><span class='ocrx_word' id='word_1_251' title='bbox 147 1452 179 1513; x_wconf 89' lang='lat' dir='ltr'><strong>ll,</strong></span> <span class='ocrx_word' id='word_1_252' title='bbox 189 1463 215 1514; x_wconf 81' lang='grc' dir='ltr'><strong>ρ.</strong></span> <span class='ocrx_word' id='word_1_253' title='bbox 232 1453 301 1500; x_wconf 77' lang='lat' dir='ltr'><strong>titt.</strong></span> <span class='ocrx_word' id='word_1_254' title='bbox 317 1470 329 1494; x_wconf 84' lang='grc' dir='ltr'><strong>ν</strong></span> <span class='ocrx_word' id='word_1_255' title='bbox 348 1447 427 1497; x_wconf 76' lang='lat' dir='ltr'><strong>Hert.</strong></span> <span class='ocrx_word' id='word_1_256' title='bbox 443 1449 601 1498; x_wconf 78' lang='lat' dir='ltr'><strong>Hermannus</strong></span> <span class='ocrx_word' id='word_1_257' title='bbox 616 1468 646 1497; x_wconf 75' lang='lat' dir='ltr'><strong>:a</strong></span> <span class='ocrx_word' id='word_1_258' title='bbox 658 1448 819 1511; x_wconf 73' lang='lat' dir='ltr'><strong>intelligenda</strong></span> <span class='ocrx_word' id='word_1_259' title='bbox 832 1451 936 1512; x_wconf 77' lang='lat' dir='ltr'><strong>estpar-</strong></span> <span class='ocrx_word' id='word_1_260' title='bbox 980 1456 1044 1519; x_wconf 74' lang='grc' dir='ltr'>ὀρείᾳ</span> <span class='ocrx_word' id='word_1_261' title='bbox 1061 1458 1086 1505; x_wconf 83' lang='lat' dir='ltr'><strong>et</strong></span> <span class='ocrx_word' id='word_1_262' title='bbox 1100 1463 1129 1520; x_wconf 70' lang='grc' dir='ltr'><strong>τῇ</strong></span> <span class='ocrx_word' id='word_1_263' title='bbox 1154 1460 1198 1520; x_wconf 79' lang='grc' dir='ltr'>ἐμῇ</span> <span class='ocrx_word' id='word_1_264' title='bbox 1219 1459 1343 1516; x_wconf 64' lang='lat' dir='ltr'><strong>saratico&lt;</strong></span> <span class='ocrx_word' id='word_1_265' title='bbox 1363 1461 1403 1508; x_wconf 78' lang='grc' dir='ltr'><strong>καὶ</strong></span> <span class='ocrx_word' id='word_1_266' title='bbox 1422 1460 1560 1515; x_wconf 75' lang='grc' dir='ltr'>διδάσκαλος</span> <span class='ocrx_word' id='word_1_267' title='bbox 1582 1461 1703 1522; x_wconf 81' lang='grc' dir='ltr'>γενόμενος</span> <span class='ocrx_word' id='word_1_268' title='bbox 1718 1469 1765 1513; x_wconf 79' lang='grc' dir='ltr'><strong>τῶν</strong></span> 
     </span>
     <span class='ocr_line' id='line_1_18' title="bbox 148 1518 1764 1593; baseline 0.004 -18"><span class='ocrx_word' id='word_1_269' title='bbox 148 1535 209 1575; x_wconf 76' lang='lat' dir='ltr'><strong>sono</strong></span> <span class='ocrx_word' id='word_1_270' title='bbox 231 1534 307 1585; x_wconf 73' lang='lat' dir='ltr'><strong>quom</strong></span> <span class='ocrx_word' id='word_1_271' title='bbox 327 1518 413 1569; x_wconf 78' lang='lat' dir='ltr'><strong>P⁰ll¹¹¹</strong></span> <span class='ocrx_word' id='word_1_272' title='bbox 428 1520 472 1578; x_wconf 89' lang='lat' dir='ltr'><strong>lv,</strong></span> <span class='ocrx_word' id='word_1_273' title='bbox 498 1524 557 1577; x_wconf 72' lang='lat'><strong>¹4²·</strong></span> <span class='ocrx_word' id='word_1_274' title='bbox 573 1520 674 1583; x_wconf 57' lang='grc' dir='ltr'>Σάῒῦρῠν</span> <span class='ocrx_word' id='word_1_275' title='bbox 696 1521 801 1580; x_wconf 48' lang='lat' dir='ltr'><strong>&amp;tottii</strong></span> <span class='ocrx_word' id='word_1_276' title='bbox 823 1522 936 1569; x_wconf 74' lang='lat' dir='ltr'><strong>vocatam</strong></span> <span class='ocrx_word' id='word_1_277' title='bbox 979 1528 1042 1576; x_wconf 82' lang='grc' dir='ltr'>κατὰ</span> <span class='ocrx_word' id='word_1_278' title='bbox 1062 1528 1190 1590; x_wconf 78' lang='grc' dir='ltr'>κωμῳδίαν</span> <span class='ocrx_word' id='word_1_279' title='bbox 1205 1534 1281 1592; x_wconf 83' lang='grc' dir='ltr'>μερῶν</span> <span class='ocrx_word' id='word_1_280' title='bbox 1299 1530 1474 1591; x_wconf 72' lang='grc' dir='ltr'>Ἀριστοροὶνους</span> <span class='ocrx_word' id='word_1_281' title='bbox 1492 1534 1534 1577; x_wconf 82' lang='grc' dir='ltr'><strong>τοῦ</strong></span> <span class='ocrx_word' id='word_1_282' title='bbox 1548 1538 1725 1593; x_wconf 72' lang='grc' dir='ltr'>γραμματικοῦ·</span> <span class='ocrx_word' id='word_1_283' title='bbox 1740 1535 1764 1590; x_wconf 85' lang='grc' dir='ltr'><strong>ὃς</strong></span> 
     </span>
     <span class='ocr_line' id='line_1_19' title="bbox 148 1589 1764 1663; baseline 0.002 -19"><span class='ocrx_word' id='word_1_284' title='bbox 148 1609 204 1648; x_wconf 80' lang='lat' dir='ltr'><strong>esse</strong></span> <span class='ocrx_word' id='word_1_285' title='bbox 212 1594 281 1644; x_wconf 88' lang='lat' dir='ltr'><strong>dicit.</strong></span> <span class='ocrx_word' id='word_1_286' title='bbox 292 1591 383 1656; x_wconf 72' lang='grc' dir='ltr'>Πυρρος</span> <span class='ocrx_word' id='word_1_287' title='bbox 393 1590 458 1640; x_wconf 83' lang='lat' dir='ltr'><strong>anim</strong></span> <span class='ocrx_word' id='word_1_288' title='bbox 467 1589 558 1640; x_wconf 81' lang='lat' dir='ltr'><strong>dicitur</strong></span> <span class='ocrx_word' id='word_1_289' title='bbox 569 1591 613 1638; x_wconf 80' lang='lat' dir='ltr'><strong>cut</strong></span> <span class='ocrx_word' id='word_1_290' title='bbox 620 1591 713 1654; x_wconf 72' lang='lat' dir='ltr'><strong>pertrita</strong></span> <span class='ocrx_word' id='word_1_291' title='bbox 726 1591 934 1651; x_wconf 66' lang='lat' dir='ltr'><strong>inscripserant,</strong></span> <span class='ocrx_word' id='word_1_292' title='bbox 980 1598 1020 1646; x_wconf 79' lang='grc' dir='ltr'><strong>καὶ</strong></span> <span class='ocrx_word' id='word_1_293' title='bbox 1035 1598 1147 1647; x_wconf 77' lang='grc' dir='ltr'>ἀπέθανεν</span> <span class='ocrx_word' id='word_1_294' title='bbox 1161 1599 1185 1647; x_wconf 76' lang='grc' dir='ltr'><strong>ἐν</strong></span> <span class='ocrx_word' id='word_1_295' title='bbox 1201 1605 1229 1661; x_wconf 74' lang='grc' dir='ltr'><strong>τῇ</strong></span> <span class='ocrx_word' id='word_1_296' title='bbox 1242 1600 1410 1663; x_wconf 70' lang='grc' dir='ltr'>Ἀλεξανδρείᾳ,</span> <span class='ocrx_word' id='word_1_297' title='bbox 1421 1603 1461 1648; x_wconf 86' lang='grc' dir='ltr'><strong>καὶ</strong></span> <span class='ocrx_word' id='word_1_298' title='bbox 1472 1601 1638 1662; x_wconf 71' lang='grc' dir='ltr'>ἐπιγέγραπται</span> <span class='ocrx_word' id='word_1_299' title='bbox 1647 1604 1719 1652; x_wconf 76' lang='grc' dir='ltr'>αὑτοῦ</span> <span class='ocrx_word' id='word_1_300' title='bbox 1730 1609 1764 1652; x_wconf 84' lang='grc' dir='ltr'><strong>τῶ</strong></span> 
     </span>
     <span class='ocr_line' id='line_1_20' title="bbox 148 1642 1765 1759; baseline 0 -37"><span class='ocrx_word' id='word_1_301' title='bbox 148 1668 225 1730; x_wconf 77' lang='lat' dir='ltr'><strong>ntuli·</strong></span> <span class='ocrx_word' id='word_1_302' title='bbox 242 1662 348 1714; x_wconf 87' lang='lat' dir='ltr'><strong>Tbcocr.</strong></span> <span class='ocrx_word' id='word_1_303' title='bbox 363 1663 430 1721; x_wconf 66' lang='lat' dir='ltr'><strong>Vffl,</strong></span> <span class='ocrx_word' id='word_1_304' title='bbox 446 1666 460 1710; x_wconf 76' lang='lat'><strong>³</strong></span> <span class='ocrx_word' id='word_1_305' title='bbox 477 1675 484 1703; x_wconf 75' lang='lat'>²</span> <span class='ocrx_word' id='word_1_306' title='bbox 499 1662 569 1723; x_wconf 62' lang='grc' dir='ltr'>ἄμφω</span> <span class='ocrx_word' id='word_1_307' title='bbox 581 1661 638 1722; x_wconf 66' lang='lat' dir='ltr'><strong>ih&#39;it’</strong></span> <span class='ocrx_word' id='word_1_308' title='bbox 650 1662 707 1720; x_wconf 62' lang='lat' dir='ltr'><strong>titi</strong></span> <span class='ocrx_word' id='word_1_309' title='bbox 721 1660 881 1726; x_wconf 53' lang='lat' dir='ltr'><strong>antististite.</strong></span> <span class='ocrx_word' id='word_1_310' title='bbox 894 1662 937 1724; x_wconf 66' lang='grc' dir='ltr'><strong>ἅμ·</strong></span> <span class='ocrx_word' id='word_1_311' title='bbox 956 1642 958 1759; x_wconf 88' lang='lat'>³</span> <span class='ocrx_word' id='word_1_312' title='bbox 981 1670 1095 1732; x_wconf 87' lang='grc' dir='ltr'>μνήματι·</span> <span class='ocrx_word' id='word_1_313' title='bbox 1118 1671 1165 1731; x_wconf 88' lang='grc' dir='ltr'><strong>Τῷ</strong></span> <span class='ocrx_word' id='word_1_314' title='bbox 1177 1671 1420 1734; x_wconf 73' lang='grc' dir='ltr'>κωμῳδογράφῳ</span> <span class='ocrx_word' id='word_1_315' title='bbox 1433 1672 1482 1718; x_wconf 83' lang='grc' dir='ltr'>κτλ.</span> <span class='ocrx_word' id='word_1_316' title='bbox 1499 1670 1631 1720; x_wconf 79' lang='lat' dir='ltr'><strong>Barherutn</strong></span> <span class='ocrx_word' id='word_1_317' title='bbox 1645 1672 1676 1721; x_wconf 90' lang='lat' dir='ltr'><strong>ad</strong></span> <span class='ocrx_word' id='word_1_318' title='bbox 1695 1654 1765 1724; x_wconf 74' lang='lat' dir='ltr'><strong>arca·</strong></span> 
     </span>
     <span class='ocr_line' id='line_1_21' title="bbox 148 1730 1765 1812; baseline 0.004 -26"><span class='ocrx_word' id='word_1_319' title='bbox 148 1755 186 1800; x_wconf 89' lang='grc' dir='ltr'>φω</span> <span class='ocrx_word' id='word_1_320' title='bbox 202 1735 290 1785; x_wconf 64' lang='lat' dir='ltr'><strong>imno.</strong></span> <span class='ocrx_word' id='word_1_321' title='bbox 310 1732 374 1782; x_wconf 83' lang='lat' dir='ltr'><strong>Vide</strong></span> <span class='ocrx_word' id='word_1_322' title='bbox 389 1732 506 1793; x_wconf 71' lang='lat' dir='ltr'><strong>valcheri.</strong></span> <span class='ocrx_word' id='word_1_323' title='bbox 529 1730 560 1781; x_wconf 90' lang='lat' dir='ltr'><strong>ad</strong></span> <span class='ocrx_word' id='word_1_324' title='bbox 576 1731 653 1781; x_wconf 76' lang='lat' dir='ltr'><strong>adon.</strong></span> <span class='ocrx_word' id='word_1_325' title='bbox 671 1746 696 1795; x_wconf 87' lang='lat' dir='ltr'><strong>p.</strong></span> <span class='ocrx_word' id='word_1_326' title='bbox 718 1738 774 1784; x_wconf 80' lang='lat' dir='ltr'><strong>loti.</strong></span> <span class='ocrx_word' id='word_1_327' title='bbox 796 1753 807 1777; x_wconf 81' lang='grc' dir='ltr'><strong>ν</strong></span> <span class='ocrx_word' id='word_1_328' title='bbox 826 1733 936 1783; x_wconf 71' lang='lat' dir='ltr'><strong>‘saraca</strong></span> <span class='ocrx_word' id='word_1_329' title='bbox 956 1761 959 1812; x_wconf 64' lang='grc' dir='ltr'>γ</span> <span class='ocrx_word' id='word_1_330' title='bbox 980 1739 1047 1787; x_wconf 80' lang='lat' dir='ltr'><strong>‹lintn</strong></span> <span class='ocrx_word' id='word_1_331' title='bbox 1059 1754 1083 1802; x_wconf 87' lang='lat' dir='ltr'><strong>p.</strong></span> <span class='ocrx_word' id='word_1_332' title='bbox 1099 1744 1143 1789; x_wconf 81' lang='lat'><strong>278</strong></span> <span class='ocrx_word' id='word_1_333' title='bbox 1158 1754 1208 1801; x_wconf 76' lang='lat' dir='ltr'><strong>arn.</strong></span> <span class='ocrx_word' id='word_1_334' title='bbox 1231 1740 1290 1790; x_wconf 87' lang='lat' dir='ltr'><strong>citat</strong></span> <span class='ocrx_word' id='word_1_335' title='bbox 1308 1743 1360 1789; x_wconf 83' lang='lat' dir='ltr'><strong>iac.</strong></span> <span class='ocrx_word' id='word_1_336' title='bbox 1373 1741 1397 1789; x_wconf 94' lang='lat' dir='ltr'><strong>in</strong></span> <span class='ocrx_word' id='word_1_337' title='bbox 1413 1744 1474 1791; x_wconf 91' lang='lat' dir='ltr'><strong>nott.</strong></span> <span class='ocrx_word' id='word_1_338' title='bbox 1495 1754 1554 1790; x_wconf 88' lang='lat' dir='ltr'><strong>mss.</strong></span> <span class='ocrx_word' id='word_1_339' title='bbox 1571 1747 1624 1790; x_wconf 90' lang='lat' dir='ltr'><strong>-l</strong></span> <span class='ocrx_word' id='word_1_340' title='bbox 1646 1744 1765 1804; x_wconf 74' lang='grc' dir='ltr'>φιλάγωνα</span> 
     </span>
     <span class='ocr_line' id='line_1_22' title="bbox 148 1802 1763 1877; baseline 0.001 -11"><span class='ocrx_word' id='word_1_341' title='bbox 148 1808 250 1873; x_wconf 57' lang='lat' dir='ltr'><strong>odensi,</strong></span> <span class='ocrx_word' id='word_1_342' title='bbox 265 1817 322 1854; x_wconf 71' lang='lat'><strong>”³¹¹¹</strong></span> <span class='ocrx_word' id='word_1_343' title='bbox 344 1802 436 1853; x_wconf 57' lang='lat' dir='ltr'><strong>&#39;littra</strong></span> <span class='ocrx_word' id='word_1_344' title='bbox 455 1803 530 1853; x_wconf 60' lang='lat' dir='ltr'>⁰5⁰⁰st</span> <span class='ocrx_word' id='word_1_345' title='bbox 551 1804 589 1855; x_wconf 84' lang='lat' dir='ltr'><strong>tel</strong></span> <span class='ocrx_word' id='word_1_346' title='bbox 612 1805 722 1854; x_wconf 70' lang='lat' dir='ltr'><strong>⁰⁰i⁰¹¹³fl</strong></span> <span class='ocrx_word' id='word_1_347' title='bbox 736 1805 840 1868; x_wconf 67' lang='lat' dir='ltr'><strong>htissbisst</strong></span> <span class='ocrx_word' id='word_1_348' title='bbox 857 1806 937 1866; x_wconf 71' lang='lat' dir='ltr'><strong>Silili</strong></span> <span class='ocrx_word' id='word_1_349' title='bbox 956 1826 959 1863; x_wconf 87' lang='grc'>;</span> <span class='ocrx_word' id='word_1_350' title='bbox 980 1809 1053 1860; x_wconf 80' lang='lat' dir='ltr'><strong>etiarn</strong></span> <span class='ocrx_word' id='word_1_351' title='bbox 1072 1810 1128 1859; x_wconf 90' lang='lat' dir='ltr'><strong>cod.</strong></span> <span class='ocrx_word' id='word_1_352' title='bbox 1145 1813 1233 1860; x_wconf 79' lang='lat' dir='ltr'><strong>i&#39;enut.</strong></span> <span class='ocrx_word' id='word_1_353' title='bbox 1250 1811 1376 1870; x_wconf 74' lang='lat' dir='ltr'><strong>hiltanni,</strong></span> <span class='ocrx_word' id='word_1_354' title='bbox 1397 1813 1469 1876; x_wconf 75' lang='lat' dir='ltr'><strong>anus</strong></span> <span class='ocrx_word' id='word_1_355' title='bbox 1482 1813 1620 1877; x_wconf 78' lang='lat' dir='ltr'><strong>apographa</strong></span> <span class='ocrx_word' id='word_1_356' title='bbox 1637 1818 1763 1876; x_wconf 79' lang='grc' dir='ltr'>ριλαοιδὸν.</span> 
     </span>
     <span class='ocr_line' id='line_1_23' title="bbox 148 1875 1763 1946; baseline 0.004 -13"><span class='ocrx_word' id='word_1_357' title='bbox 148 1880 175 1929; x_wconf 86' lang='lat' dir='ltr'><strong>in</strong></span> <span class='ocrx_word' id='word_1_358' title='bbox 190 1878 310 1928; x_wconf 64' lang='lat' dir='ltr'><strong>dramate·</strong></span> <span class='ocrx_word' id='word_1_359' title='bbox 319 1879 408 1938; x_wconf 58' lang='lat' dir='ltr'><strong>bibiti·</strong></span> <span class='ocrx_word' id='word_1_360' title='bbox 422 1877 474 1923; x_wconf 71' lang='lat' dir='ltr'><strong>Pii·</strong></span> <span class='ocrx_word' id='word_1_361' title='bbox 492 1875 557 1938; x_wconf 73' lang='grc' dir='ltr'>ἆνήρ-</span> <span class='ocrx_word' id='word_1_362' title='bbox 571 1901 601 1911; x_wconf 90' lang='grc'><strong>-·</strong></span> <span class='ocrx_word' id='word_1_363' title='bbox 611 1878 626 1924; x_wconf 73' lang='grc'>4</span> <span class='ocrx_word' id='word_1_364' title='bbox 638 1888 737 1925; x_wconf 68' lang='lat' dir='ltr'><strong>Verium</strong></span> <span class='ocrx_word' id='word_1_365' title='bbox 747 1879 814 1925; x_wconf 71' lang='lat' dir='ltr'><strong>tutti·</strong></span> <span class='ocrx_word' id='word_1_366' title='bbox 824 1875 937 1942; x_wconf 49' lang='lat' dir='ltr'><strong>ilisiihxlt,</strong></span> <span class='ocrx_word' id='word_1_367' title='bbox 955 1894 958 1921; x_wconf 74' lang='grc' dir='ltr'>Ι</span> <span class='ocrx_word' id='word_1_368' title='bbox 980 1883 1071 1931; x_wconf 82' lang='lat' dir='ltr'><strong>Notum</strong></span> <span class='ocrx_word' id='word_1_369' title='bbox 1086 1881 1175 1931; x_wconf 86' lang='lat' dir='ltr'><strong>hedera</strong></span> <span class='ocrx_word' id='word_1_370' title='bbox 1188 1883 1298 1931; x_wconf 89' lang='lat' dir='ltr'><strong>coronari</strong></span> <span class='ocrx_word' id='word_1_371' title='bbox 1320 1885 1406 1946; x_wconf 86' lang='lat' dir='ltr'><strong>poetas</strong></span> <span class='ocrx_word' id='word_1_372' title='bbox 1421 1884 1527 1933; x_wconf 83' lang='lat' dir='ltr'><strong>victores</strong></span> <span class='ocrx_word' id='word_1_373' title='bbox 1544 1885 1567 1933; x_wconf 91' lang='lat' dir='ltr'><strong>in</strong></span> <span class='ocrx_word' id='word_1_374' title='bbox 1581 1887 1763 1939; x_wconf 68' lang='lat' dir='ltr'><strong>columinibus.</strong></span> 
     </span>
     <span class='ocr_line' id='line_1_24' title="bbox 148 1945 1764 2021; baseline 0.001 -20"><span class='ocrx_word' id='word_1_375' title='bbox 148 1949 257 2007; x_wconf 81' lang='lat' dir='ltr'><strong>Jacobs.;</strong></span> <span class='ocrx_word' id='word_1_376' title='bbox 272 1947 337 1997; x_wconf 90' lang='lat' dir='ltr'><strong>male</strong></span> <span class='ocrx_word' id='word_1_377' title='bbox 346 1946 387 1995; x_wconf 89' lang='lat' dir='ltr'><strong>alii</strong></span> <span class='ocrx_word' id='word_1_378' title='bbox 398 1948 473 2008; x_wconf 86' lang='lat' dir='ltr'><strong>atque</strong></span> <span class='ocrx_word' id='word_1_379' title='bbox 488 1945 550 1995; x_wconf 86' lang='lat' dir='ltr'><strong>adeo</strong></span> <span class='ocrx_word' id='word_1_380' title='bbox 563 1946 661 1996; x_wconf 78' lang='lat' dir='ltr'><strong>Nailos</strong></span> <span class='ocrx_word' id='word_1_381' title='bbox 675 1950 732 2009; x_wconf 88' lang='lat' dir='ltr'><strong>post</strong></span> <span class='ocrx_word' id='word_1_382' title='bbox 745 1949 799 2002; x_wconf 76' lang='grc' dir='ltr'>ἀξια</span> <span class='ocrx_word' id='word_1_383' title='bbox 814 1946 934 1998; x_wconf 91' lang='lat' dir='ltr'><strong>incidunt.</strong></span> <span class='ocrx_word' id='word_1_384' title='bbox 955 1956 959 2015; x_wconf 72' lang='grc' dir='ltr'><em>ξ</em></span> <span class='ocrx_word' id='word_1_385' title='bbox 980 1951 1070 2002; x_wconf 76' lang='lat' dir='ltr'><strong>Similis</strong></span> <span class='ocrx_word' id='word_1_386' title='bbox 1084 1952 1160 2002; x_wconf 79' lang='grc' dir='ltr'>ἔννοια</span> <span class='ocrx_word' id='word_1_387' title='bbox 1181 1953 1288 2003; x_wconf 76' lang='lat' dir='ltr'><strong>Simmiae</strong></span> <span class='ocrx_word' id='word_1_388' title='bbox 1308 1967 1383 2017; x_wconf 88' lang='lat' dir='ltr'><strong>supra</strong></span> <span class='ocrx_word' id='word_1_389' title='bbox 1398 1967 1435 2016; x_wconf 82' lang='grc' dir='ltr'><strong>ομ.</strong></span> <span class='ocrx_word' id='word_1_390' title='bbox 1451 1961 1489 2004; x_wconf 79' lang='lat'><strong>22.</strong></span> <span class='ocrx_word' id='word_1_391' title='bbox 1509 1982 1541 1991; x_wconf 89' lang='lat'><em>-</em></span> <span class='ocrx_word' id='word_1_392' title='bbox 1553 1962 1567 2004; x_wconf 85' lang='lat'><strong>2</strong></span> <span class='ocrx_word' id='word_1_393' title='bbox 1580 1960 1655 2011; x_wconf 78' lang='grc' dir='ltr'>ζῶντα</span> <span class='ocrx_word' id='word_1_394' title='bbox 1663 1956 1764 2021; x_wconf 59' lang='lat' dir='ltr'><strong>pipam</strong></span> 
     </span>
     <span class='ocr_line' id='line_1_25' title="bbox 148 2012 1764 2088; baseline 0.006 -18"><span class='ocrx_word' id='word_1_395' title='bbox 148 2049 179 2059; x_wconf 86' lang='lat'>-</span> <span class='ocrx_word' id='word_1_396' title='bbox 192 2026 215 2070; x_wconf 82' lang='lat'><strong>5.</strong></span> <span class='ocrx_word' id='word_1_397' title='bbox 232 2039 245 2063; x_wconf 75' lang='grc' dir='ltr'><strong>κ</strong></span> <span class='ocrx_word' id='word_1_398' title='bbox 261 2018 355 2081; x_wconf 79' lang='lat' dir='ltr'><strong>Tragici</strong></span> <span class='ocrx_word' id='word_1_399' title='bbox 369 2020 448 2079; x_wconf 62' lang='lat' dir='ltr'><strong>post&amp;</strong></span> <span class='ocrx_word' id='word_1_400' title='bbox 461 2016 562 2074; x_wconf 71' lang='lat' dir='ltr'><strong>laudes.</strong></span> <span class='ocrx_word' id='word_1_401' title='bbox 582 2017 653 2080; x_wconf 74' lang='lat' dir='ltr'><strong>quasi</strong></span> <span class='ocrx_word' id='word_1_402' title='bbox 671 2016 772 2068; x_wconf 72' lang='lat' dir='ltr'><strong>alterius</strong></span> <span class='ocrx_word' id='word_1_403' title='bbox 792 2018 936 2080; x_wconf 87' lang='lat' dir='ltr'><strong>Sophoclis,</strong></span> <span class='ocrx_word' id='word_1_404' title='bbox 956 2024 959 2073; x_wconf 73' lang='grc' dir='ltr'>ξ</span> <span class='ocrx_word' id='word_1_405' title='bbox 980 2022 1052 2083; x_wconf 70' lang='lat' dir='ltr'><strong>eoa,</strong></span> <span class='ocrx_word' id='word_1_406' title='bbox 1067 2022 1146 2073; x_wconf 83' lang='lat' dir='ltr'><strong>literae</strong></span> <span class='ocrx_word' id='word_1_407' title='bbox 1160 2041 1176 2085; x_wconf 82' lang='grc' dir='ltr'><strong>χ</strong></span> <span class='ocrx_word' id='word_1_408' title='bbox 1190 2024 1345 2087; x_wconf 85' lang='lat' dir='ltr'><strong>superposito</strong></span> <span class='ocrx_word' id='word_1_409' title='bbox 1355 2042 1385 2084; x_wconf 91' lang='grc' dir='ltr'><strong>κ,</strong></span> <span class='ocrx_word' id='word_1_410' title='bbox 1396 2028 1425 2075; x_wconf 88' lang='lat' dir='ltr'><strong>ut</strong></span> <span class='ocrx_word' id='word_1_411' title='bbox 1439 2028 1563 2076; x_wconf 78' lang='lat' dir='ltr'><strong>remocior</strong></span> <span class='ocrx_word' id='word_1_412' title='bbox 1574 2026 1605 2076; x_wconf 90' lang='lat' dir='ltr'><strong>de</strong></span> <span class='ocrx_word' id='word_1_413' title='bbox 1619 2012 1712 2088; x_wconf 80' lang='grc' dir='ltr'><strong>μήκωνιΙ</strong></span> <span class='ocrx_word' id='word_1_414' title='bbox 1722 2045 1764 2080; x_wconf 90' lang='lat' dir='ltr'><strong>co-</strong></span> 
     </span>
     <span class='ocr_line' id='line_1_26' title="bbox 148 2088 1764 2166; baseline 0.005 -24"><span class='ocrx_word' id='word_1_415' title='bbox 148 2092 278 2154; x_wconf 80' lang='lat' dir='ltr'><strong>bucusque</strong></span> <span class='ocrx_word' id='word_1_416' title='bbox 291 2089 435 2153; x_wconf 85' lang='lat' dir='ltr'><strong>complexus</strong></span> <span class='ocrx_word' id='word_1_417' title='bbox 447 2088 603 2139; x_wconf 76' lang='lat' dir='ltr'><strong>Dioscorides</strong></span> <span class='ocrx_word' id='word_1_418' title='bbox 614 2090 665 2153; x_wconf 84' lang='lat' dir='ltr'><strong>jam</strong></span> <span class='ocrx_word' id='word_1_419' title='bbox 677 2089 784 2138; x_wconf 86' lang='lat' dir='ltr'><strong>celebrat</strong></span> <span class='ocrx_word' id='word_1_420' title='bbox 797 2089 935 2140; x_wconf 87' lang='lat' dir='ltr'><strong>dramatum</strong></span> <span class='ocrx_word' id='word_1_421' title='bbox 956 2092 959 2166; x_wconf 72' lang='lat' dir='ltr'><strong>l</strong></span> <span class='ocrx_word' id='word_1_422' title='bbox 980 2096 1070 2156; x_wconf 82' lang='lat' dir='ltr'><strong>gitasse</strong></span> <span class='ocrx_word' id='word_1_423' title='bbox 1088 2094 1210 2151; x_wconf 85' lang='lat' dir='ltr'><strong>rideatur,</strong></span> <span class='ocrx_word' id='word_1_424' title='bbox 1229 2108 1317 2144; x_wconf 89' lang='lat' dir='ltr'><strong>nomen</strong></span> <span class='ocrx_word' id='word_1_425' title='bbox 1337 2096 1463 2158; x_wconf 88' lang='lat' dir='ltr'><strong>proprium</strong></span> <span class='ocrx_word' id='word_1_426' title='bbox 1480 2097 1606 2159; x_wconf 79' lang='lat' dir='ltr'><strong>ignorans3</strong></span> <span class='ocrx_word' id='word_1_427' title='bbox 1626 2104 1692 2155; x_wconf 79' lang='lat' dir='ltr'><strong>toan</strong></span> <span class='ocrx_word' id='word_1_428' title='bbox 1714 2103 1764 2150; x_wconf 81' lang='grc' dir='ltr'><strong>Μά-</strong></span> 
     </span>
     <span class='ocr_line' id='line_1_27' title="bbox 148 2160 1762 2230; baseline 0.002 -16"><span class='ocrx_word' id='word_1_429' title='bbox 148 2163 311 2225; x_wconf 76' lang='lat' dir='ltr'><strong>satyricorum</strong></span> <span class='ocrx_word' id='word_1_430' title='bbox 325 2162 431 2223; x_wconf 76' lang='lat' dir='ltr'><strong>pociora,</strong></span> <span class='ocrx_word' id='word_1_431' title='bbox 446 2163 472 2210; x_wconf 88' lang='lat' dir='ltr'><strong>ct</strong></span> <span class='ocrx_word' id='word_1_432' title='bbox 484 2160 531 2209; x_wconf 89' lang='lat' dir='ltr'><strong>hoc</strong></span> <span class='ocrx_word' id='word_1_433' title='bbox 541 2160 664 2223; x_wconf 84' lang='lat' dir='ltr'><strong>praecipue</strong></span> <span class='ocrx_word' id='word_1_434' title='bbox 678 2160 701 2207; x_wconf 90' lang='lat' dir='ltr'><strong>in</strong></span> <span class='ocrx_word' id='word_1_435' title='bbox 711 2160 824 2209; x_wconf 75' lang='lat' dir='ltr'><strong>Sositheo</strong></span> <span class='ocrx_word' id='word_1_436' title='bbox 838 2161 932 2220; x_wconf 82' lang='lat' dir='ltr'><strong>lararlat,</strong></span> <span class='ocrx_word' id='word_1_437' title='bbox 956 2176 959 2204; x_wconf 82' lang='grc' dir='ltr'>ι</span> <span class='ocrx_word' id='word_1_438' title='bbox 980 2182 1037 2227; x_wconf 76' lang='grc' dir='ltr'>γωνι</span> <span class='ocrx_word' id='word_1_439' title='bbox 1052 2163 1151 2224; x_wconf 79' lang='lat' dir='ltr'><strong>Athen,</strong></span> <span class='ocrx_word' id='word_1_440' title='bbox 1166 2165 1239 2214; x_wconf 90' lang='lat' dir='ltr'><strong>ctiam</strong></span> <span class='ocrx_word' id='word_1_441' title='bbox 1256 2164 1311 2215; x_wconf 91' lang='lat' dir='ltr'><strong>cod.</strong></span> <span class='ocrx_word' id='word_1_442' title='bbox 1330 2168 1393 2215; x_wconf 84' lang='lat' dir='ltr'><strong>ven.</strong></span> <span class='ocrx_word' id='word_1_443' title='bbox 1404 2191 1435 2201; x_wconf 91' lang='lat'>—</span> <span class='ocrx_word' id='word_1_444' title='bbox 1453 2171 1467 2214; x_wconf 88' lang='grc'>3</span> <span class='ocrx_word' id='word_1_445' title='bbox 1482 2167 1531 2228; x_wconf 70' lang='grc' dir='ltr'>ἔχει</span> <span class='ocrx_word' id='word_1_446' title='bbox 1545 2172 1649 2230; x_wconf 79' lang='grc' dir='ltr'>σφῆναγε</span> <span class='ocrx_word' id='word_1_447' title='bbox 1667 2170 1762 2229; x_wconf 82' lang='lat' dir='ltr'><strong>codar,</strong></span> 
     </span>
     <span class='ocr_line' id='line_1_28' title="bbox 148 2211 1764 2305; baseline 0.005 -22"><span class='ocrx_word' id='word_1_448' title='bbox 148 2234 216 2298; x_wconf 83' lang='lat' dir='ltr'><strong>quod</strong></span> <span class='ocrx_word' id='word_1_449' title='bbox 230 2231 343 2295; x_wconf 75' lang='lat' dir='ltr'><strong>satyricae</strong></span> <span class='ocrx_word' id='word_1_450' title='bbox 358 2243 459 2293; x_wconf 88' lang='lat' dir='ltr'><strong>poeseos</strong></span> <span class='ocrx_word' id='word_1_451' title='bbox 474 2243 551 2293; x_wconf 77' lang='lat' dir='ltr'><strong>genas</strong></span> <span class='ocrx_word' id='word_1_452' title='bbox 568 2230 598 2279; x_wconf 88' lang='lat' dir='ltr'><strong>ad</strong></span> <span class='ocrx_word' id='word_1_453' title='bbox 611 2230 739 2294; x_wconf 87' lang='lat' dir='ltr'><strong>pristinam</strong></span> <span class='ocrx_word' id='word_1_454' title='bbox 753 2231 937 2281; x_wconf 78' lang='lat' dir='ltr'><strong>revocaritoris</strong></span> <span class='ocrx_word' id='word_1_455' title='bbox 956 2211 959 2305; x_wconf 53' lang='grc' dir='ltr'>λ</span> <span class='ocrx_word' id='word_1_456' title='bbox 981 2237 1117 2284; x_wconf 79' lang='lat' dir='ltr'><strong>comeatum</strong></span> <span class='ocrx_word' id='word_1_457' title='bbox 1137 2247 1166 2283; x_wconf 80' lang='lat' dir='ltr'><strong>cx</strong></span> <span class='ocrx_word' id='word_1_458' title='bbox 1188 2234 1275 2284; x_wconf 80' lang='lat' dir='ltr'><strong>Athen.</strong></span> <span class='ocrx_word' id='word_1_459' title='bbox 1292 2238 1345 2284; x_wconf 79' lang='lat' dir='ltr'><strong>Noa</strong></span> <span class='ocrx_word' id='word_1_460' title='bbox 1359 2234 1399 2284; x_wconf 91' lang='lat' dir='ltr'><strong>illc</strong></span> <span class='ocrx_word' id='word_1_461' title='bbox 1416 2239 1527 2286; x_wconf 83' lang='lat' dir='ltr'><strong>veterum</strong></span> <span class='ocrx_word' id='word_1_462' title='bbox 1543 2232 1670 2299; x_wconf 86' lang='lat' dir='ltr'><strong>poetarum</strong></span> <span class='ocrx_word' id='word_1_463' title='bbox 1691 2253 1764 2302; x_wconf 90' lang='lat' dir='ltr'><strong>opera</strong></span> 
     </span>
     <span class='ocr_line' id='line_1_29' title="bbox 148 2300 1764 2370; baseline 0.003 -15"><span class='ocrx_word' id='word_1_464' title='bbox 148 2301 389 2367; x_wconf 79' lang='lat' dir='ltr'><strong>magniloquentiam.</strong></span> <span class='ocrx_word' id='word_1_465' title='bbox 407 2304 490 2357; x_wconf 85' lang='lat' dir='ltr'><strong>Quum</strong></span> <span class='ocrx_word' id='word_1_466' title='bbox 511 2300 576 2349; x_wconf 90' lang='lat' dir='ltr'><strong>enim</strong></span> <span class='ocrx_word' id='word_1_467' title='bbox 592 2301 641 2359; x_wconf 89' lang='lat' dir='ltr'><strong>alii,</strong></span> <span class='ocrx_word' id='word_1_468' title='bbox 657 2304 686 2351; x_wconf 91' lang='lat' dir='ltr'><strong>ut</strong></span> <span class='ocrx_word' id='word_1_469' title='bbox 699 2303 826 2365; x_wconf 76' lang='lat' dir='ltr'><strong>bycnpbro</strong></span> <span class='ocrx_word' id='word_1_470' title='bbox 844 2304 869 2352; x_wconf 84' lang='lat' dir='ltr'><strong>in</strong></span> <span class='ocrx_word' id='word_1_471' title='bbox 883 2306 936 2353; x_wconf 84' lang='lat' dir='ltr'><strong>lic·</strong></span> <span class='ocrx_word' id='word_1_472' title='bbox 955 2308 958 2370; x_wconf 62' lang='grc' dir='ltr'>γ</span> <span class='ocrx_word' id='word_1_473' title='bbox 980 2304 1135 2367; x_wconf 81' lang='lat' dir='ltr'><strong>compilabat.</strong></span> <span class='ocrx_word' id='word_1_474' title='bbox 1152 2303 1209 2353; x_wconf 84' lang='lat' dir='ltr'><strong>b&#39;oti</strong></span> <span class='ocrx_word' id='word_1_475' title='bbox 1224 2318 1312 2354; x_wconf 83' lang='lat' dir='ltr'><strong>versus</strong></span> <span class='ocrx_word' id='word_1_476' title='bbox 1324 2304 1424 2353; x_wconf 88' lang='lat' dir='ltr'><strong>Hesiodi</strong></span> <span class='ocrx_word' id='word_1_477' title='bbox 1437 2305 1467 2354; x_wconf 81' lang='lat' dir='ltr'><strong>ilc</strong></span> <span class='ocrx_word' id='word_1_478' title='bbox 1483 2304 1561 2365; x_wconf 86' lang='lat' dir='ltr'><strong>lucis,</strong></span> <span class='ocrx_word' id='word_1_479' title='bbox 1575 2308 1621 2370; x_wconf 90' lang='lat' dir='ltr'><strong>Op.</strong></span> <span class='ocrx_word' id='word_1_480' title='bbox 1639 2313 1685 2359; x_wconf 82' lang='lat'><strong>300</strong></span> <span class='ocrx_word' id='word_1_481' title='bbox 1704 2331 1709 2358; x_wconf 77' lang='grc' dir='ltr'><strong>τ</strong></span> <span class='ocrx_word' id='word_1_482' title='bbox 1725 2329 1764 2370; x_wconf 79' lang='grc' dir='ltr'>κν,-</span> 
     </span>
     <span class='ocr_line' id='line_1_30' title="bbox 148 2370 1763 2442; baseline 0.004 -16"><span class='ocrx_word' id='word_1_483' title='bbox 148 2376 253 2426; x_wconf 81' lang='lat' dir='ltr'><strong>nelemo</strong></span> <span class='ocrx_word' id='word_1_484' title='bbox 267 2373 378 2424; x_wconf 90' lang='lat' dir='ltr'><strong>dramate</strong></span> <span class='ocrx_word' id='word_1_485' title='bbox 391 2370 510 2434; x_wconf 66' lang='lat' dir='ltr'><strong>satanan,</strong></span> <span class='ocrx_word' id='word_1_486' title='bbox 525 2384 564 2421; x_wconf 89' lang='lat' dir='ltr'><strong>res</strong></span> <span class='ocrx_word' id='word_1_487' title='bbox 575 2384 607 2420; x_wconf 80' lang='lat' dir='ltr'><strong>ex</strong></span> <span class='ocrx_word' id='word_1_488' title='bbox 621 2370 702 2421; x_wconf 91' lang='lat' dir='ltr'><strong>media</strong></span> <span class='ocrx_word' id='word_1_489' title='bbox 718 2373 770 2422; x_wconf 87' lang='lat' dir='ltr'><strong>rita</strong></span> <span class='ocrx_word' id='word_1_490' title='bbox 782 2375 871 2436; x_wconf 86' lang='lat' dir='ltr'><strong>petitas</strong></span> <span class='ocrx_word' id='word_1_491' title='bbox 886 2387 935 2425; x_wconf 83' lang='lat' dir='ltr'><strong>ser·</strong></span> <span class='ocrx_word' id='word_1_492' title='bbox 955 2372 958 2404; x_wconf 69' lang='lat'>²</span> <span class='ocrx_word' id='word_1_493' title='bbox 1002 2376 1172 2424; x_wconf 80' lang='grc' dir='ltr'>’νεσστν...οἲτε</span> <span class='ocrx_word' id='word_1_494' title='bbox 1184 2376 1317 2437; x_wconf 82' lang='grc' dir='ltr'>μελισσάων</span> <span class='ocrx_word' id='word_1_495' title='bbox 1333 2375 1439 2437; x_wconf 84' lang='grc' dir='ltr'>κάματον</span> <span class='ocrx_word' id='word_1_496' title='bbox 1453 2378 1577 2439; x_wconf 81' lang='grc' dir='ltr'>τρύχουσιν</span> <span class='ocrx_word' id='word_1_497' title='bbox 1596 2379 1674 2442; x_wconf 81' lang='grc' dir='ltr'>ἀεργοὶ</span> <span class='ocrx_word' id='word_1_498' title='bbox 1687 2381 1763 2433; x_wconf 67' lang='lat' dir='ltr'><strong>tatae</strong></span> 
     </span>
     <span class='ocr_line' id='line_1_31' title="bbox 148 2412 1761 2513; baseline 0.005 -17"><span class='ocrx_word' id='word_1_499' title='bbox 148 2458 222 2496; x_wconf 89' lang='lat' dir='ltr'><strong>mone</strong></span> <span class='ocrx_word' id='word_1_500' title='bbox 233 2441 312 2507; x_wconf 82' lang='lat' dir='ltr'><strong>magis</strong></span> <span class='ocrx_word' id='word_1_501' title='bbox 320 2440 444 2491; x_wconf 81' lang='lat' dir='ltr'><strong>communi</strong></span> <span class='ocrx_word' id='word_1_502' title='bbox 463 2443 488 2490; x_wconf 87' lang='lat' dir='ltr'><strong>et</strong></span> <span class='ocrx_word' id='word_1_503' title='bbox 500 2441 642 2502; x_wconf 86' lang='lat' dir='ltr'><strong>quotidiano</strong></span> <span class='ocrx_word' id='word_1_504' title='bbox 655 2442 819 2504; x_wconf 76' lang='lat' dir='ltr'><strong>explicarent,</strong></span> <span class='ocrx_word' id='word_1_505' title='bbox 834 2448 863 2494; x_wconf 93' lang='lat' dir='ltr'><strong>ut</strong></span> <span class='ocrx_word' id='word_1_506' title='bbox 876 2458 936 2506; x_wconf 84' lang='lat' dir='ltr'><strong>poe-</strong></span> <span class='ocrx_word' id='word_1_507' title='bbox 955 2412 958 2509; x_wconf 71' lang='grc' dir='ltr'>λ</span> <span class='ocrx_word' id='word_1_508' title='bbox 980 2461 1028 2501; x_wconf 76' lang='grc' dir='ltr'>τες.</span> <span class='ocrx_word' id='word_1_509' title='bbox 1049 2464 1060 2487; x_wconf 73' lang='lat' dir='ltr'><strong>a</strong></span> <span class='ocrx_word' id='word_1_510' title='bbox 1074 2446 1241 2506; x_wconf 67' lang='lat' dir='ltr'><strong>usitatiores</strong></span> <span class='ocrx_word' id='word_1_511' title='bbox 1255 2444 1430 2495; x_wconf 65' lang='lat' dir='ltr'><strong>testimenium</strong></span> <span class='ocrx_word' id='word_1_512' title='bbox 1445 2446 1536 2496; x_wconf 87' lang='lat' dir='ltr'><strong>dicitur</strong></span> <span class='ocrx_word' id='word_1_513' title='bbox 1553 2448 1644 2511; x_wconf 83' lang='lat' dir='ltr'><strong>saepius</strong></span> <span class='ocrx_word' id='word_1_514' title='bbox 1659 2451 1761 2513; x_wconf 87' lang='lat' dir='ltr'><strong>politum</strong></span> 
     </span>
     <span class='ocr_line' id='line_1_32' title="bbox 149 2510 1763 2587; baseline 0.004 -19"><span class='ocrx_word' id='word_1_515' title='bbox 149 2530 205 2568; x_wconf 84' lang='lat' dir='ltr'><strong>scos</strong></span> <span class='ocrx_word' id='word_1_516' title='bbox 213 2516 261 2565; x_wconf 86' lang='lat' dir='ltr'><strong>boc</strong></span> <span class='ocrx_word' id='word_1_517' title='bbox 270 2525 347 2579; x_wconf 79' lang='lat' dir='ltr'><strong>genus</strong></span> <span class='ocrx_word' id='word_1_518' title='bbox 360 2511 430 2561; x_wconf 88' lang='lat' dir='ltr'><strong>noris</strong></span> <span class='ocrx_word' id='word_1_519' title='bbox 440 2510 666 2561; x_wconf 83' lang='lat' dir='ltr'><strong>accommodaretur</strong></span> <span class='ocrx_word' id='word_1_520' title='bbox 675 2511 794 2573; x_wconf 87' lang='lat' dir='ltr'><strong>moribus,</strong></span> <span class='ocrx_word' id='word_1_521' title='bbox 808 2515 936 2565; x_wconf 82' lang='lat' dir='ltr'><strong>Srsithaus</strong></span> <span class='ocrx_word' id='word_1_522' title='bbox 955 2526 958 2587; x_wconf 55' lang='grc' dir='ltr'>ξ</span> <span class='ocrx_word' id='word_1_523' title='bbox 979 2516 1005 2563; x_wconf 89' lang='lat' dir='ltr'><strong>et</strong></span> <span class='ocrx_word' id='word_1_524' title='bbox 1019 2514 1097 2564; x_wconf 90' lang='lat' dir='ltr'><strong>lotum</strong></span> <span class='ocrx_word' id='word_1_525' title='bbox 1108 2527 1122 2563; x_wconf 91' lang='lat' dir='ltr'><strong>a</strong></span> <span class='ocrx_word' id='word_1_526' title='bbox 1134 2514 1281 2576; x_wconf 87' lang='lat' dir='ltr'><strong>t&#39;ullonibus,</strong></span> <span class='ocrx_word' id='word_1_527' title='bbox 1293 2529 1322 2565; x_wconf 89' lang='lat' dir='ltr'><strong>ac</strong></span> <span class='ocrx_word' id='word_1_528' title='bbox 1331 2516 1432 2578; x_wconf 88' lang='lat' dir='ltr'><strong>proinde</strong></span> <span class='ocrx_word' id='word_1_529' title='bbox 1444 2518 1536 2567; x_wconf 87' lang='lat' dir='ltr'><strong>nulllus</strong></span> <span class='ocrx_word' id='word_1_530' title='bbox 1545 2519 1626 2581; x_wconf 88' lang='lat' dir='ltr'><strong>pretii.</strong></span> <span class='ocrx_word' id='word_1_531' title='bbox 1638 2522 1763 2575; x_wconf 80' lang='lat' dir='ltr'><strong>simillime</strong></span> 
     </span>
     <span class='ocr_line' id='line_1_33' title="bbox 149 2580 1763 2652; baseline 0.004 -15"><span class='ocrx_word' id='word_1_532' title='bbox 149 2585 247 2638; x_wconf 89' lang='lat' dir='ltr'><strong>dicendi</strong></span> <span class='ocrx_word' id='word_1_533' title='bbox 267 2597 345 2651; x_wconf 77' lang='lat' dir='ltr'><strong>gertus</strong></span> <span class='ocrx_word' id='word_1_534' title='bbox 358 2580 491 2632; x_wconf 87' lang='lat' dir='ltr'><strong>animosius</strong></span> <span class='ocrx_word' id='word_1_535' title='bbox 512 2585 537 2631; x_wconf 90' lang='lat' dir='ltr'><strong>et</strong></span> <span class='ocrx_word' id='word_1_536' title='bbox 551 2582 744 2647; x_wconf 76' lang='lat' dir='ltr'><strong>rnagnilrccntius</strong></span> <span class='ocrx_word' id='word_1_537' title='bbox 762 2584 785 2633; x_wconf 89' lang='lat' dir='ltr'><strong>ei</strong></span> <span class='ocrx_word' id='word_1_538' title='bbox 804 2585 898 2635; x_wconf 90' lang='lat' dir='ltr'><strong>addidit</strong></span> <span class='ocrx_word' id='word_1_539' title='bbox 910 2591 937 2638; x_wconf 86' lang='lat' dir='ltr'><strong>et</strong></span> <span class='ocrx_word' id='word_1_540' title='bbox 955 2643 957 2647; x_wconf 49' lang='grc'>,</span> <span class='ocrx_word' id='word_1_541' title='bbox 979 2586 1091 2649; x_wconf 78' lang='grc' dir='ltr'>τρύύωνας</span> <span class='ocrx_word' id='word_1_542' title='bbox 1108 2584 1261 2649; x_wconf 88' lang='lat' dir='ltr'><strong>appellabant</strong></span> <span class='ocrx_word' id='word_1_543' title='bbox 1283 2600 1354 2635; x_wconf 85' lang='lat' dir='ltr'><strong>senes</strong></span> <span class='ocrx_word' id='word_1_544' title='bbox 1370 2587 1467 2636; x_wconf 61' lang='lat' dir='ltr'><strong>ctiurtos</strong></span> <span class='ocrx_word' id='word_1_545' title='bbox 1487 2591 1512 2637; x_wconf 88' lang='lat' dir='ltr'><strong>et</strong></span> <span class='ocrx_word' id='word_1_546' title='bbox 1532 2589 1672 2652; x_wconf 75' lang='lat' dir='ltr'><strong>reipublicae</strong></span> <span class='ocrx_word' id='word_1_547' title='bbox 1689 2593 1763 2644; x_wconf 88' lang='lat' dir='ltr'><strong>inuti-</strong></span> 
     </span>
     <span class='ocr_line' id='line_1_34' title="bbox 149 2654 1763 2723; baseline 0.004 -15"><span class='ocrx_word' id='word_1_548' title='bbox 149 2661 249 2721; x_wconf 74' lang='lat' dir='ltr'><strong>Satyros</strong></span> <span class='ocrx_word' id='word_1_549' title='bbox 260 2655 433 2719; x_wconf 79' lang='grc' dir='ltr'>τραγικώτερον</span> <span class='ocrx_word' id='word_1_550' title='bbox 442 2654 571 2716; x_wconf 82' lang='lat' dir='ltr'><strong>loquentes</strong></span> <span class='ocrx_word' id='word_1_551' title='bbox 585 2654 665 2715; x_wconf 81' lang='lat' dir='ltr'><strong>finxit,</strong></span> <span class='ocrx_word' id='word_1_552' title='bbox 682 2657 712 2704; x_wconf 90' lang='lat' dir='ltr'><strong>ut</strong></span> <span class='ocrx_word' id='word_1_553' title='bbox 724 2668 755 2705; x_wconf 80' lang='lat' dir='ltr'><strong>ex</strong></span> <span class='ocrx_word' id='word_1_554' title='bbox 768 2655 857 2706; x_wconf 85' lang='lat' dir='ltr'><strong>celebri</strong></span> <span class='ocrx_word' id='word_1_555' title='bbox 871 2656 936 2721; x_wconf 78' lang='lat' dir='ltr'><strong>trag·</strong></span> <span class='ocrx_word' id='word_1_556' title='bbox 955 2654 957 2707; x_wconf 90' lang='lat' dir='ltr'><strong>l</strong></span> <span class='ocrx_word' id='word_1_557' title='bbox 979 2656 1023 2706; x_wconf 77' lang='lat' dir='ltr'><strong>lca</strong></span> <span class='ocrx_word' id='word_1_558' title='bbox 1039 2676 1051 2700; x_wconf 77' lang='grc' dir='ltr'><strong>ν</strong></span> <span class='ocrx_word' id='word_1_559' title='bbox 1067 2658 1179 2706; x_wconf 76' lang='lat' dir='ltr'><strong>casaub.</strong></span> <span class='ocrx_word' id='word_1_560' title='bbox 1198 2660 1225 2707; x_wconf 89' lang='lat' dir='ltr'><strong>ln</strong></span> <span class='ocrx_word' id='word_1_561' title='bbox 1240 2656 1287 2707; x_wconf 88' lang='lat' dir='ltr'><strong>tine</strong></span> <span class='ocrx_word' id='word_1_562' title='bbox 1308 2657 1389 2706; x_wconf 80' lang='lat' dir='ltr'><strong>Codex</strong></span> <span class='ocrx_word' id='word_1_563' title='bbox 1404 2657 1462 2706; x_wconf 76' lang='grc' dir='ltr'>ἀλλά</span> <span class='ocrx_word' id='word_1_564' title='bbox 1474 2675 1495 2707; x_wconf 87' lang='grc' dir='ltr'><strong>τι</strong></span> <span class='ocrx_word' id='word_1_565' title='bbox 1505 2661 1599 2723; x_wconf 80' lang='grc' dir='ltr'>τέχναι,</span> <span class='ocrx_word' id='word_1_566' title='bbox 1610 2661 1698 2713; x_wconf 85' lang='lat' dir='ltr'><strong>atlren.</strong></span> <span class='ocrx_word' id='word_1_567' title='bbox 1714 2666 1763 2714; x_wconf 82' lang='grc' dir='ltr'>ἀλλ’</span> 
     </span>
     <span class='ocr_line' id='line_1_35' title="bbox 148 2724 1762 2798; baseline -0.001 -19"><span class='ocrx_word' id='word_1_568' title='bbox 148 2730 233 2779; x_wconf 86' lang='lat' dir='ltr'><strong>mento</strong></span> <span class='ocrx_word' id='word_1_569' title='bbox 246 2728 368 2790; x_wconf 80' lang='lat' dir='ltr'><strong>Litpcrsac</strong></span> <span class='ocrx_word' id='word_1_570' title='bbox 390 2724 541 2787; x_wconf 80' lang='lat' dir='ltr'><strong>intelligitur,</strong></span> <span class='ocrx_word' id='word_1_571' title='bbox 559 2727 585 2775; x_wconf 90' lang='lat' dir='ltr'><strong>et</strong></span> <span class='ocrx_word' id='word_1_572' title='bbox 603 2726 644 2775; x_wconf 80' lang='grc' dir='ltr'><strong>τὸν</strong></span> <span class='ocrx_word' id='word_1_573' title='bbox 664 2726 761 2788; x_wconf 79' lang='grc' dir='ltr'>ἀρχαῖον</span> <span class='ocrx_word' id='word_1_574' title='bbox 779 2728 875 2789; x_wconf 76' lang='grc' dir='ltr'>τρόπον,</span> <span class='ocrx_word' id='word_1_575' title='bbox 893 2728 935 2790; x_wconf 77' lang='lat' dir='ltr'><strong>qui</strong></span> <span class='ocrx_word' id='word_1_576' title='bbox 955 2736 957 2767; x_wconf 75' lang='lat' dir='ltr'><strong>i</strong></span> <span class='ocrx_word' id='word_1_577' title='bbox 979 2728 1124 2792; x_wconf 77' lang='grc' dir='ltr'>ἀρατέχνης.</span> <span class='ocrx_word' id='word_1_578' title='bbox 1140 2733 1196 2778; x_wconf 84' lang='lat' dir='ltr'><strong>-i</strong></span> <span class='ocrx_word' id='word_1_579' title='bbox 1218 2728 1329 2791; x_wconf 79' lang='grc' dir='ltr'>ἀμφίτοαι</span> <span class='ocrx_word' id='word_1_580' title='bbox 1345 2729 1418 2792; x_wconf 78' lang='lat' dir='ltr'><strong>vulgo</strong></span> <span class='ocrx_word' id='word_1_581' title='bbox 1434 2742 1472 2791; x_wconf 89' lang='lat' dir='ltr'><strong>ap.</strong></span> <span class='ocrx_word' id='word_1_582' title='bbox 1487 2730 1574 2780; x_wconf 80' lang='lat' dir='ltr'><strong>hilten.</strong></span> <span class='ocrx_word' id='word_1_583' title='bbox 1590 2758 1622 2768; x_wconf 97' lang='lat'><em>-</em></span> <span class='ocrx_word' id='word_1_584' title='bbox 1638 2739 1652 2783; x_wconf 81' lang='lat'><strong>5</strong></span> <span class='ocrx_word' id='word_1_585' title='bbox 1668 2732 1762 2798; x_wconf 71' lang='grc' dir='ltr'>δὀπρ,</span> 
     </span>
     <span class='ocr_line' id='line_1_36' title="bbox 146 2795 1769 2863; baseline 0.004 -15"><span class='ocrx_word' id='word_1_586' title='bbox 146 2801 198 2863; x_wconf 74' lang='lat' dir='ltr'><strong>tam</strong></span> <span class='ocrx_word' id='word_1_587' title='bbox 211 2799 237 2849; x_wconf 87' lang='lat' dir='ltr'><strong>in</strong></span> <span class='ocrx_word' id='word_1_588' title='bbox 250 2795 437 2848; x_wconf 83' lang='lat' dir='ltr'><strong>desuetudinem</strong></span> <span class='ocrx_word' id='word_1_589' title='bbox 457 2795 558 2855; x_wconf 86' lang='lat' dir='ltr'><strong>abierat,</strong></span> <span class='ocrx_word' id='word_1_590' title='bbox 574 2795 680 2845; x_wconf 75' lang='lat' dir='ltr'><strong>redusit.</strong></span> <span class='ocrx_word' id='word_1_591' title='bbox 696 2799 799 2860; x_wconf 77' lang='lat' dir='ltr'><strong>Pmptar</strong></span> <span class='ocrx_word' id='word_1_592' title='bbox 812 2798 935 2849; x_wconf 86' lang='lat' dir='ltr'><strong>Pratinam</strong></span> <span class='ocrx_word' id='word_1_593' title='bbox 954 2822 957 2861; x_wconf 74' lang='lat'>3</span> <span class='ocrx_word' id='word_1_594' title='bbox 980 2799 1079 2857; x_wconf 53' lang='lat' dir='ltr'><strong>athena</strong></span> <span class='ocrx_word' id='word_1_595' title='bbox 1100 2799 1126 2847; x_wconf 77' lang='grc' dir='ltr'><strong>δὲ</strong></span> <span class='ocrx_word' id='word_1_596' title='bbox 1143 2816 1183 2863; x_wconf 89' lang='grc' dir='ltr'><strong>πρ.</strong></span> <span class='ocrx_word' id='word_1_597' title='bbox 1201 2797 1261 2848; x_wconf 90' lang='lat' dir='ltr'><strong>Cod.</strong></span> <span class='ocrx_word' id='word_1_598' title='bbox 1275 2800 1366 2849; x_wconf 83' lang='lat' dir='ltr'><strong>Etiam</strong></span> <span class='ocrx_word' id='word_1_599' title='bbox 1383 2798 1419 2848; x_wconf 87' lang='lat' dir='ltr'><strong>ad</strong></span> <span class='ocrx_word' id='word_1_600' title='bbox 1441 2798 1550 2861; x_wconf 78' lang='lat' dir='ltr'><strong>litterar,</strong></span> <span class='ocrx_word' id='word_1_601' title='bbox 1567 2814 1616 2850; x_wconf 90' lang='lat' dir='ltr'><strong>non</strong></span> <span class='ocrx_word' id='word_1_602' title='bbox 1633 2801 1659 2850; x_wconf 93' lang='lat' dir='ltr'><strong>in</strong></span> <span class='ocrx_word' id='word_1_603' title='bbox 1682 2805 1769 2854; x_wconf 83' lang='lat' dir='ltr'><strong>Attica·</strong></span> 
     </span>
     <span class='ocr_line' id='line_1_37' title="bbox 149 2866 1763 2937; baseline 0.002 -16"><span class='ocrx_word' id='word_1_604' title='bbox 149 2872 225 2935; x_wconf 80' lang='lat' dir='ltr'><strong>igitur</strong></span> <span class='ocrx_word' id='word_1_605' title='bbox 238 2873 264 2920; x_wconf 87' lang='lat' dir='ltr'><strong>et</strong></span> <span class='ocrx_word' id='word_1_606' title='bbox 279 2868 394 2917; x_wconf 76' lang='lat' dir='ltr'><strong>tristiam</strong></span> <span class='ocrx_word' id='word_1_607' title='bbox 412 2866 530 2916; x_wconf 78' lang='lat' dir='ltr'><strong>Phliasios</strong></span> <span class='ocrx_word' id='word_1_608' title='bbox 547 2868 689 2930; x_wconf 71' lang='lat' dir='ltr'><strong>Satyrorum</strong></span> <span class='ocrx_word' id='word_1_609' title='bbox 706 2868 836 2931; x_wconf 81' lang='lat' dir='ltr'><strong>scriptores</strong></span> <span class='ocrx_word' id='word_1_610' title='bbox 856 2872 935 2921; x_wconf 79' lang='lat' dir='ltr'><strong>(Pau—</strong></span> <span class='ocrx_word' id='word_1_611' title='bbox 954 2866 957 2927; x_wconf 79' lang='grc' dir='ltr'>ξ</span> <span class='ocrx_word' id='word_1_612' title='bbox 979 2869 1070 2919; x_wconf 86' lang='lat' dir='ltr'><strong>solum.</strong></span> <span class='ocrx_word' id='word_1_613' title='bbox 1085 2895 1117 2906; x_wconf 87' lang='lat'>-</span> <span class='ocrx_word' id='word_1_614' title='bbox 1131 2877 1145 2917; x_wconf 83' lang='lat' dir='ltr'><strong>a</strong></span> <span class='ocrx_word' id='word_1_615' title='bbox 1158 2870 1228 2932; x_wconf 75' lang='grc' dir='ltr'>ύνμύς</span> <span class='ocrx_word' id='word_1_616' title='bbox 1245 2868 1315 2927; x_wconf 87' lang='lat' dir='ltr'><strong>Cod.;</strong></span> <span class='ocrx_word' id='word_1_617' title='bbox 1329 2869 1398 2932; x_wconf 83' lang='grc' dir='ltr'>φντύν</span> <span class='ocrx_word' id='word_1_618' title='bbox 1420 2869 1495 2933; x_wconf 81' lang='lat' dir='ltr'><strong>arrigo</strong></span> <span class='ocrx_word' id='word_1_619' title='bbox 1509 2883 1549 2932; x_wconf 88' lang='lat' dir='ltr'><strong>ap.</strong></span> <span class='ocrx_word' id='word_1_620' title='bbox 1560 2870 1650 2922; x_wconf 77' lang='lat' dir='ltr'><strong>Athen.</strong></span> <span class='ocrx_word' id='word_1_621' title='bbox 1662 2893 1674 2916; x_wconf 78' lang='grc' dir='ltr'>α</span> <span class='ocrx_word' id='word_1_622' title='bbox 1685 2875 1763 2937; x_wconf 76' lang='grc' dir='ltr'>θύμος</span> 
     </span>
     <span class='ocr_line' id='line_1_38' title="bbox 149 2937 1764 3007; baseline 0.001 -15"><span class='ocrx_word' id='word_1_623' title='bbox 149 2954 201 2992; x_wconf 87' lang='lat' dir='ltr'><strong>saa.</strong></span> <span class='ocrx_word' id='word_1_624' title='bbox 210 2942 243 2998; x_wconf 89' lang='lat' dir='ltr'><strong>ll,</strong></span> <span class='ocrx_word' id='word_1_625' title='bbox 257 2939 359 3000; x_wconf 76' lang='lat' dir='ltr'><strong>taillac</strong></span> <span class='ocrx_word' id='word_1_626' title='bbox 372 2950 473 3000; x_wconf 85' lang='lat' dir='ltr'><strong>poeseos</strong></span> <span class='ocrx_word' id='word_1_627' title='bbox 482 2950 558 3000; x_wconf 72' lang='lat' dir='ltr'><strong>genus</strong></span> <span class='ocrx_word' id='word_1_628' title='bbox 568 2951 622 2987; x_wconf 84' lang='lat' dir='ltr'><strong>mox</strong></span> <span class='ocrx_word' id='word_1_629' title='bbox 632 2937 722 2987; x_wconf 87' lang='lat' dir='ltr'><strong>dicitur</strong></span> <span class='ocrx_word' id='word_1_630' title='bbox 730 2939 803 3003; x_wconf 78' lang='grc' dir='ltr'>Δωρὶς</span> <span class='ocrx_word' id='word_1_631' title='bbox 815 2942 909 2992; x_wconf 69' lang='grc' dir='ltr'>Μοροκ,</span> <span class='ocrx_word' id='word_1_632' title='bbox 923 2962 933 2983; x_wconf 72' lang='grc' dir='ltr'><strong>»ι</strong></span> <span class='ocrx_word' id='word_1_633' title='bbox 954 2940 957 3007; x_wconf 72' lang='grc' dir='ltr'>γ</span> <span class='ocrx_word' id='word_1_634' title='bbox 979 2937 1069 2988; x_wconf 73' lang='lat' dir='ltr'><strong>«licitur</strong></span> <span class='ocrx_word' id='word_1_635' title='bbox 1084 2942 1110 2989; x_wconf 90' lang='lat' dir='ltr'><strong>cl</strong></span> <span class='ocrx_word' id='word_1_636' title='bbox 1125 2940 1205 3000; x_wconf 76' lang='grc' dir='ltr'>θύμον.</span> <span class='ocrx_word' id='word_1_637' title='bbox 1227 2940 1314 3003; x_wconf 70' lang='lat' dir='ltr'><strong>spani,</strong></span> <span class='ocrx_word' id='word_1_638' title='bbox 1328 2939 1360 2988; x_wconf 93' lang='lat' dir='ltr'><strong>ob</strong></span> <span class='ocrx_word' id='word_1_639' title='bbox 1372 2938 1500 2989; x_wconf 85' lang='lat' dir='ltr'><strong>mordaces</strong></span> <span class='ocrx_word' id='word_1_640' title='bbox 1514 2939 1568 2988; x_wconf 89' lang='lat' dir='ltr'><strong>illos</strong></span> <span class='ocrx_word' id='word_1_641' title='bbox 1582 2941 1659 3003; x_wconf 86' lang='lat' dir='ltr'><strong>sales,</strong></span> <span class='ocrx_word' id='word_1_642' title='bbox 1672 2943 1764 3006; x_wconf 88' lang='lat' dir='ltr'><strong>quibus</strong></span> 
     </span>
     <span class='ocr_line' id='line_1_39' title="bbox 150 3008 1763 3074; baseline 0.003 -14"><span class='ocrx_word' id='word_1_643' title='bbox 150 3011 257 3060; x_wconf 78' lang='lat' dir='ltr'><strong>Hester.</strong></span> <span class='ocrx_word' id='word_1_644' title='bbox 280 3008 372 3058; x_wconf 89' lang='lat' dir='ltr'><strong>Similia</strong></span> <span class='ocrx_word' id='word_1_645' title='bbox 394 3008 547 3058; x_wconf 78' lang='lat' dir='ltr'><strong>Welcltcms.</strong></span> <span class='ocrx_word' id='word_1_646' title='bbox 569 3037 599 3049; x_wconf 92' lang='grc'><strong>-</strong></span> <span class='ocrx_word' id='word_1_647' title='bbox 624 3016 639 3059; x_wconf 85' lang='lat' dir='ltr'><strong>o</strong></span> <span class='ocrx_word' id='word_1_648' title='bbox 660 3010 692 3065; x_wconf 79' lang='grc' dir='ltr'><strong>εῐτ</strong></span> <span class='ocrx_word' id='word_1_649' title='bbox 715 3010 804 3068; x_wconf 77' lang='grc' dir='ltr'>σκηνὴν</span> <span class='ocrx_word' id='word_1_650' title='bbox 826 3009 933 3068; x_wconf 75' lang='lat' dir='ltr'><strong>Nautius,</strong></span> <span class='ocrx_word' id='word_1_651' title='bbox 954 3021 957 3066; x_wconf 67' lang='grc' dir='ltr'>ξ</span> <span class='ocrx_word' id='word_1_652' title='bbox 979 3009 1060 3059; x_wconf 71' lang='lat' dir='ltr'><strong>attica</strong></span> <span class='ocrx_word' id='word_1_653' title='bbox 1081 3008 1192 3073; x_wconf 83' lang='lat' dir='ltr'><strong>inprimis</strong></span> <span class='ocrx_word' id='word_1_654' title='bbox 1209 3009 1329 3059; x_wconf 80' lang='lat' dir='ltr'><strong>cornoedia</strong></span> <span class='ocrx_word' id='word_1_655' title='bbox 1357 3009 1519 3060; x_wconf 81' lang='lat' dir='ltr'><strong>redundabat.</strong></span> <span class='ocrx_word' id='word_1_656' title='bbox 1540 3008 1577 3059; x_wconf 84' lang='lat' dir='ltr'><strong>ob</strong></span> <span class='ocrx_word' id='word_1_657' title='bbox 1601 3010 1763 3074; x_wconf 77' lang='lat' dir='ltr'><strong>frequentiam</strong></span> 
     </span>
     <span class='ocr_line' id='line_1_40' title="bbox 150 3077 1763 3144; baseline 0.004 -15"><span class='ocrx_word' id='word_1_658' title='bbox 150 3080 249 3129; x_wconf 85' lang='lat' dir='ltr'><strong>trustra.</strong></span> <span class='ocrx_word' id='word_1_659' title='bbox 272 3097 284 3119; x_wconf 74' lang='lat' dir='ltr'><strong>a</strong></span> <span class='ocrx_word' id='word_1_660' title='bbox 301 3077 398 3140; x_wconf 78' lang='lat' dir='ltr'><strong>ilerptb’</strong></span> <span class='ocrx_word' id='word_1_661' title='bbox 420 3078 564 3139; x_wconf 76' lang='grc' dir='ltr'>ὰναρχαΐσας</span> <span class='ocrx_word' id='word_1_662' title='bbox 589 3078 725 3141; x_wconf 80' lang='lat' dir='ltr'><strong>significare</strong></span> <span class='ocrx_word' id='word_1_663' title='bbox 748 3079 846 3129; x_wconf 85' lang='lat' dir='ltr'><strong>ridetur</strong></span> <span class='ocrx_word' id='word_1_664' title='bbox 870 3081 935 3129; x_wconf 81' lang='lat' dir='ltr'><strong>Sosi·</strong></span> <span class='ocrx_word' id='word_1_665' title='bbox 954 3081 957 3139; x_wconf 72' lang='lat' dir='ltr'><strong>l</strong></span> <span class='ocrx_word' id='word_1_666' title='bbox 979 3080 1058 3143; x_wconf 68' lang='lat' dir='ltr'><strong>thynni</strong></span> <span class='ocrx_word' id='word_1_667' title='bbox 1076 3081 1100 3129; x_wconf 92' lang='lat' dir='ltr'><strong>in</strong></span> <span class='ocrx_word' id='word_1_668' title='bbox 1113 3080 1194 3130; x_wconf 79' lang='lat' dir='ltr'><strong>Attica</strong></span> <span class='ocrx_word' id='word_1_669' title='bbox 1206 3081 1297 3143; x_wconf 83' lang='lat' dir='ltr'><strong>scripta</strong></span> <span class='ocrx_word' id='word_1_670' title='bbox 1316 3080 1390 3131; x_wconf 76' lang='lat' dir='ltr'><strong>attici</strong></span> <span class='ocrx_word' id='word_1_671' title='bbox 1402 3080 1496 3144; x_wconf 90' lang='lat' dir='ltr'><strong>saporis</strong></span> <span class='ocrx_word' id='word_1_672' title='bbox 1510 3079 1626 3143; x_wconf 73' lang='lat' dir='ltr'><strong>thyrreno</strong></span> <span class='ocrx_word' id='word_1_673' title='bbox 1644 3084 1763 3135; x_wconf 76' lang='lat' dir='ltr'><strong>sericlerc</strong></span> 
     </span>
     <span class='ocr_line' id='line_1_41' title="bbox 148 3145 1761 3213; baseline 0.002 -15"><span class='ocrx_word' id='word_1_674' title='bbox 148 3150 244 3207; x_wconf 83' lang='lat' dir='ltr'><strong>iheum,</strong></span> <span class='ocrx_word' id='word_1_675' title='bbox 262 3146 343 3196; x_wconf 83' lang='lat' dir='ltr'><strong>altoris</strong></span> <span class='ocrx_word' id='word_1_676' title='bbox 355 3145 467 3208; x_wconf 81' lang='lat' dir='ltr'><strong>satyricis</strong></span> <span class='ocrx_word' id='word_1_677' title='bbox 482 3151 538 3210; x_wconf 90' lang='lat' dir='ltr'><strong>post</strong></span> <span class='ocrx_word' id='word_1_678' title='bbox 550 3148 651 3210; x_wconf 68' lang='lat' dir='ltr'><strong>longum</strong></span> <span class='ocrx_word' id='word_1_679' title='bbox 664 3148 821 3199; x_wconf 80' lang='lat' dir='ltr'><strong>interuallum</strong></span> <span class='ocrx_word' id='word_1_680' title='bbox 837 3148 934 3199; x_wconf 84' lang='lat' dir='ltr'><strong>restitu-</strong></span> <span class='ocrx_word' id='word_1_681' title='bbox 953 3160 957 3206; x_wconf 70' lang='grc' dir='ltr'><strong>ς</strong></span> <span class='ocrx_word' id='word_1_682' title='bbox 979 3150 1106 3209; x_wconf 82' lang='lat' dir='ltr'><strong>dicuntur,</strong></span> <span class='ocrx_word' id='word_1_683' title='bbox 1117 3149 1218 3207; x_wconf 86' lang='lat' dir='ltr'><strong>Quintil.</strong></span> <span class='ocrx_word' id='word_1_684' title='bbox 1231 3149 1322 3199; x_wconf 84' lang='lat' dir='ltr'><strong>insilit.</strong></span> <span class='ocrx_word' id='word_1_685' title='bbox 1335 3151 1389 3210; x_wconf 82' lang='lat' dir='ltr'><strong>xii,</strong></span> <span class='ocrx_word' id='word_1_686' title='bbox 1398 3161 1420 3197; x_wconf 91' lang='lat' dir='ltr'><strong>c.</strong></span> <span class='ocrx_word' id='word_1_687' title='bbox 1439 3154 1475 3207; x_wconf 88' lang='lat' dir='ltr'><strong>to,</strong></span> <span class='ocrx_word' id='word_1_688' title='bbox 1487 3155 1525 3199; x_wconf 75' lang='lat'><strong>25.</strong></span> <span class='ocrx_word' id='word_1_689' title='bbox 1537 3150 1702 3213; x_wconf 72' lang='lat' dir='ltr'><strong>Thucydidem</strong></span> <span class='ocrx_word' id='word_1_690' title='bbox 1726 3152 1761 3201; x_wconf 89' lang='lat' dir='ltr'><strong>hi·</strong></span> 
     </span>
     <span class='ocr_line' id='line_1_42' title="bbox 150 3210 1761 3281; baseline 0.002 -13"><span class='ocrx_word' id='word_1_691' title='bbox 150 3219 191 3278; x_wconf 89' lang='lat' dir='ltr'><strong>tis,</strong></span> <span class='ocrx_word' id='word_1_692' title='bbox 207 3217 310 3281; x_wconf 89' lang='lat' dir='ltr'><strong>patriam</strong></span> <span class='ocrx_word' id='word_1_693' title='bbox 323 3218 423 3265; x_wconf 79' lang='lat' dir='ltr'><strong>uetusto</strong></span> <span class='ocrx_word' id='word_1_694' title='bbox 442 3216 489 3265; x_wconf 91' lang='lat' dir='ltr'><strong>hcc</strong></span> <span class='ocrx_word' id='word_1_695' title='bbox 506 3216 625 3266; x_wconf 85' lang='lat' dir='ltr'><strong>dramatis</strong></span> <span class='ocrx_word' id='word_1_696' title='bbox 643 3230 731 3279; x_wconf 75' lang='lat' dir='ltr'><strong>periere</strong></span> <span class='ocrx_word' id='word_1_697' title='bbox 750 3218 904 3269; x_wconf 65' lang='lat' dir='ltr'><strong>instruxisse.</strong></span> <span class='ocrx_word' id='word_1_698' title='bbox 922 3240 934 3262; x_wconf 83' lang='grc' dir='ltr'><strong>ν</strong></span> <span class='ocrx_word' id='word_1_699' title='bbox 954 3210 957 3249; x_wconf 71' lang='lat'>²</span> <span class='ocrx_word' id='word_1_700' title='bbox 979 3220 1063 3271; x_wconf 75' lang='lat' dir='ltr'><strong>ahana</strong></span> <span class='ocrx_word' id='word_1_701' title='bbox 1076 3220 1174 3269; x_wconf 86' lang='lat' dir='ltr'><strong>irritium</strong></span> <span class='ocrx_word' id='word_1_702' title='bbox 1192 3221 1264 3281; x_wconf 84' lang='grc' dir='ltr'>θύμον</span> <span class='ocrx_word' id='word_1_703' title='bbox 1278 3224 1320 3268; x_wconf 85' lang='grc' dir='ltr'><strong>τού</strong></span> <span class='ocrx_word' id='word_1_704' title='bbox 1336 3221 1441 3268; x_wconf 84' lang='grc' dir='ltr'>Ἀττικοῦ</span> <span class='ocrx_word' id='word_1_705' title='bbox 1455 3219 1567 3268; x_wconf 81' lang='grc' dir='ltr'>ἀποπνεῖν</span> <span class='ocrx_word' id='word_1_706' title='bbox 1582 3220 1643 3270; x_wconf 88' lang='lat' dir='ltr'><strong>dicit</strong></span> <span class='ocrx_word' id='word_1_707' title='bbox 1662 3222 1761 3271; x_wconf 78' lang='lat' dir='ltr'><strong>lucian.</strong></span> 
     </span>
     <span class='ocr_line' id='line_1_43' title="bbox 151 3255 1368 3351; baseline 0 -13"><span class='ocrx_word' id='word_1_708' title='bbox 151 3290 210 3338; x_wconf 75' lang='lat' dir='ltr'><strong>lac.</strong></span> <span class='ocrx_word' id='word_1_709' title='bbox 223 3286 271 3337; x_wconf 83' lang='lat' dir='ltr'><strong>sed</strong></span> <span class='ocrx_word' id='word_1_710' title='bbox 288 3286 425 3336; x_wconf 87' lang='lat' dir='ltr'><strong>rectissima</strong></span> <span class='ocrx_word' id='word_1_711' title='bbox 440 3285 532 3335; x_wconf 74' lang='lat' dir='ltr'><strong>struxit</strong></span> <span class='ocrx_word' id='word_1_712' title='bbox 550 3287 675 3338; x_wconf 86' lang='lat' dir='ltr'><strong>llecherus</strong></span> <span class='ocrx_word' id='word_1_713' title='bbox 692 3289 773 3349; x_wconf 73' lang='lat' dir='ltr'><strong>:aial</strong></span> <span class='ocrx_word' id='word_1_714' title='bbox 788 3290 934 3351; x_wconf 74' lang='grc' dir='ltr'>ἀντργαισας</span> <span class='ocrx_word' id='word_1_715' title='bbox 954 3255 957 3348; x_wconf 75' lang='lat' dir='ltr'><strong>t</strong></span> <span class='ocrx_word' id='word_1_716' title='bbox 979 3290 1082 3341; x_wconf 79' lang='lat' dir='ltr'><strong>lichtst.</strong></span> <span class='ocrx_word' id='word_1_717' title='bbox 1093 3302 1189 3340; x_wconf 88' lang='lat' dir='ltr'><strong>conscr.</strong></span> <span class='ocrx_word' id='word_1_718' title='bbox 1204 3303 1226 3338; x_wconf 91' lang='lat' dir='ltr'><strong>c.</strong></span> <span class='ocrx_word' id='word_1_719' title='bbox 1241 3295 1276 3339; x_wconf 85' lang='lat'><strong>15.</strong></span> <span class='ocrx_word' id='word_1_720' title='bbox 1290 3310 1301 3332; x_wconf 80' lang='grc' dir='ltr'><strong>ν</strong></span> <span class='ocrx_word' id='word_1_721' title='bbox 1312 3291 1368 3339; x_wconf 77' lang='lat' dir='ltr'><strong>lac.</strong></span> 
     </span>
    </p>

    <p class='ocr_par' dir='ltr' id='par_1_5' title="bbox 150 3353 957 3423">
     <span class='ocr_line' id='line_1_44' title="bbox 150 3353 957 3423; baseline 0.004 -16"><span class='ocrx_word' id='word_1_722' title='bbox 150 3360 238 3419; x_wconf 64' lang='grc' dir='ltr'>ἤγαγεν</span> <span class='ocrx_word' id='word_1_723' title='bbox 256 3359 287 3413; x_wconf 75' lang='grc' dir='ltr'><strong>εἰς</strong></span> <span class='ocrx_word' id='word_1_724' title='bbox 306 3356 406 3419; x_wconf 77' lang='grc' dir='ltr'>πατρίδα</span> <span class='ocrx_word' id='word_1_725' title='bbox 421 3359 522 3419; x_wconf 85' lang='grc' dir='ltr'>μνήμην.</span> <span class='ocrx_word' id='word_1_726' title='bbox 536 3362 593 3408; x_wconf 83' lang='grc'><strong>-7</strong></span> <span class='ocrx_word' id='word_1_727' title='bbox 610 3358 650 3406; x_wconf 79' lang='grc' dir='ltr'><strong>καὶ</strong></span> <span class='ocrx_word' id='word_1_728' title='bbox 663 3359 730 3407; x_wconf 74' lang='grc' dir='ltr'>πόλιν</span> <span class='ocrx_word' id='word_1_729' title='bbox 749 3358 840 3415; x_wconf 77' lang='lat' dir='ltr'><strong>Codex.</strong></span> <span class='ocrx_word' id='word_1_730' title='bbox 855 3360 933 3423; x_wconf 86' lang='lat' dir='ltr'><strong>lapsu,</strong></span> <span class='ocrx_word' id='word_1_731' title='bbox 954 3353 957 3410; x_wconf 80' lang='lat' dir='ltr'><strong>t</strong></span> 
     </span>
    </p>

    <p class='ocr_par' dir='ltr' id='par_1_6' title="bbox 149 3420 1772 5178">
     <span class='ocr_line' id='line_1_45' title="bbox 151 3420 1762 3492; baseline 0 -13"><span class='ocrx_word' id='word_1_732' title='bbox 151 3432 179 3480; x_wconf 89' lang='lat' dir='ltr'><strong>ut</strong></span> <span class='ocrx_word' id='word_1_733' title='bbox 191 3427 297 3478; x_wconf 85' lang='lat' dir='ltr'><strong>videtur.</strong></span> <span class='ocrx_word' id='word_1_734' title='bbox 311 3426 405 3477; x_wconf 84' lang='lat' dir='ltr'><strong>Deinde</strong></span> <span class='ocrx_word' id='word_1_735' title='bbox 419 3427 538 3477; x_wconf 81' lang='lat' dir='ltr'><strong>etlcbntut</strong></span> <span class='ocrx_word' id='word_1_736' title='bbox 551 3429 692 3491; x_wconf 77' lang='grc' dir='ltr'>τίσὼρμησα</span> <span class='ocrx_word' id='word_1_737' title='bbox 704 3442 782 3491; x_wconf 77' lang='lat' dir='ltr'><strong>risque</strong></span> <span class='ocrx_word' id='word_1_738' title='bbox 792 3430 823 3478; x_wconf 86' lang='lat' dir='ltr'><strong>ad</strong></span> <span class='ocrx_word' id='word_1_739' title='bbox 838 3433 934 3482; x_wconf 76' lang='lat' dir='ltr'><strong>traete·</strong></span> <span class='ocrx_word' id='word_1_740' title='bbox 954 3420 957 3473; x_wconf 77' lang='lat' dir='ltr'><strong>t</strong></span> <span class='ocrx_word' id='word_1_741' title='bbox 1012 3432 1117 3480; x_wconf 77' lang='lat' dir='ltr'><strong>occia.</strong></span> <span class='ocrx_word' id='word_1_742' title='bbox 1131 3432 1232 3480; x_wconf 84' lang='lat' dir='ltr'><strong>Lemma</strong></span> <span class='ocrx_word' id='word_1_743' title='bbox 1256 3420 1431 3492; x_wconf 41' lang='grc' dir='ltr'>Ἀλεξάνδρου.</span> <span class='ocrx_word' id='word_1_744' title='bbox 1447 3430 1529 3488; x_wconf 81' lang='grc' dir='ltr'>Ζήτει,</span> <span class='ocrx_word' id='word_1_745' title='bbox 1544 3430 1579 3477; x_wconf 86' lang='grc' dir='ltr'><strong>ὅτι</strong></span> <span class='ocrx_word' id='word_1_746' title='bbox 1593 3429 1704 3485; x_wconf 76' lang='grc' dir='ltr'>ἔσφαλται</span> <span class='ocrx_word' id='word_1_747' title='bbox 1722 3432 1762 3479; x_wconf 80' lang='grc' dir='ltr'><strong>καὶ</strong></span> 
     </span>
     <span class='ocr_line' id='line_1_46' title="bbox 151 3497 1761 3565; baseline -0.001 -15"><span class='ocrx_word' id='word_1_748' title='bbox 151 3513 215 3561; x_wconf 78' lang='grc' dir='ltr'>τοττι,</span> <span class='ocrx_word' id='word_1_749' title='bbox 228 3499 270 3563; x_wconf 83' lang='grc' dir='ltr'><strong>(γυὶ</strong></span> <span class='ocrx_word' id='word_1_750' title='bbox 287 3499 404 3558; x_wconf 80' lang='lat' dir='ltr'><strong>correxit,</strong></span> <span class='ocrx_word' id='word_1_751' title='bbox 414 3512 471 3549; x_wconf 90' lang='lat' dir='ltr'><strong>nam</strong></span> <span class='ocrx_word' id='word_1_752' title='bbox 481 3498 620 3549; x_wconf 89' lang='lat' dir='ltr'><strong>Sositbaurn</strong></span> <span class='ocrx_word' id='word_1_753' title='bbox 635 3499 682 3548; x_wconf 90' lang='lat' dir='ltr'><strong>boc</strong></span> <span class='ocrx_word' id='word_1_754' title='bbox 698 3499 792 3557; x_wconf 85' lang='lat' dir='ltr'><strong>ier-isse,</strong></span> <span class='ocrx_word' id='word_1_755' title='bbox 806 3513 855 3549; x_wconf 91' lang='lat' dir='ltr'><strong>non</strong></span> <span class='ocrx_word' id='word_1_756' title='bbox 869 3504 936 3565; x_wconf 83' lang='lat' dir='ltr'><strong>Saty·</strong></span> <span class='ocrx_word' id='word_1_757' title='bbox 980 3501 1044 3551; x_wconf 78' lang='lat' dir='ltr'><strong>tarn</strong></span> <span class='ocrx_word' id='word_1_758' title='bbox 1059 3501 1203 3558; x_wconf 76' lang='grc' dir='ltr'>ἀδιανόητον.</span> <span class='ocrx_word' id='word_1_759' title='bbox 1216 3501 1261 3549; x_wconf 83' lang='lat' dir='ltr'><strong>Est</strong></span> <span class='ocrx_word' id='word_1_760' title='bbox 1275 3497 1403 3548; x_wconf 79' lang='lat' dir='ltr'><strong>Alexandri</strong></span> <span class='ocrx_word' id='word_1_761' title='bbox 1417 3498 1500 3548; x_wconf 81' lang='lat' dir='ltr'><strong>AEtolt</strong></span> <span class='ocrx_word' id='word_1_762' title='bbox 1512 3497 1538 3546; x_wconf 91' lang='lat' dir='ltr'><strong>in</strong></span> <span class='ocrx_word' id='word_1_763' title='bbox 1550 3497 1690 3548; x_wconf 78' lang='lat' dir='ltr'><strong>nlcrnancm</strong></span> <span class='ocrx_word' id='word_1_764' title='bbox 1703 3512 1761 3561; x_wconf 86' lang='lat' dir='ltr'><strong>poc·</strong></span> 
     </span>
     <span class='ocr_line' id='line_1_47' title="bbox 150 3567 1764 3633; baseline -0.001 -12"><span class='ocrx_word' id='word_1_765' title='bbox 150 3585 214 3632; x_wconf 91' lang='lat' dir='ltr'><strong>rum,</strong></span> <span class='ocrx_word' id='word_1_766' title='bbox 228 3569 385 3620; x_wconf 76' lang='lat' dir='ltr'><strong>manifestum</strong></span> <span class='ocrx_word' id='word_1_767' title='bbox 395 3573 442 3620; x_wconf 90' lang='lat' dir='ltr'><strong>est.</strong></span> <span class='ocrx_word' id='word_1_768' title='bbox 459 3569 525 3619; x_wconf 88' lang='lat' dir='ltr'><strong>idern</strong></span> <span class='ocrx_word' id='word_1_769' title='bbox 540 3570 571 3620; x_wconf 88' lang='lat' dir='ltr'><strong>dc</strong></span> <span class='ocrx_word' id='word_1_770' title='bbox 584 3567 774 3620; x_wconf 86' lang='lat' dir='ltr'><strong>datiro‘conlert</strong></span> <span class='ocrx_word' id='word_1_771' title='bbox 792 3570 934 3622; x_wconf 85' lang='lat' dir='ltr'><strong>callimach.</strong></span> <span class='ocrx_word' id='word_1_772' title='bbox 980 3575 1029 3623; x_wconf 90' lang='lat' dir='ltr'><strong>lam</strong></span> <span class='ocrx_word' id='word_1_773' title='bbox 1043 3571 1162 3633; x_wconf 76' lang='lat' dir='ltr'><strong>lyricum,</strong></span> <span class='ocrx_word' id='word_1_774' title='bbox 1180 3571 1222 3633; x_wconf 87' lang='lat' dir='ltr'><strong>qui</strong></span> <span class='ocrx_word' id='word_1_775' title='bbox 1237 3570 1353 3632; x_wconf 84' lang='lat' dir='ltr'><strong>loquitur,</strong></span> <span class='ocrx_word' id='word_1_776' title='bbox 1369 3568 1494 3632; x_wconf 80' lang='lat' dir='ltr'><strong>gratulams</strong></span> <span class='ocrx_word' id='word_1_777' title='bbox 1508 3567 1554 3618; x_wconf 90' lang='lat' dir='ltr'><strong>sibi</strong></span> <span class='ocrx_word' id='word_1_778' title='bbox 1567 3568 1634 3631; x_wconf 88' lang='lat' dir='ltr'><strong>quod</strong></span> <span class='ocrx_word' id='word_1_779' title='bbox 1646 3570 1764 3620; x_wconf 88' lang='lat' dir='ltr'><strong>Sardibus</strong></span> 
     </span>
     <span class='ocr_line' id='line_1_48' title="bbox 150 3639 1763 3705; baseline -0.001 -12"><span class='ocrx_word' id='word_1_780' title='bbox 150 3642 203 3693; x_wconf 81' lang='lat' dir='ltr'><strong>Del·¹</strong></span> <span class='ocrx_word' id='word_1_781' title='bbox 219 3646 249 3692; x_wconf 79' lang='grc'><strong>33</strong></span> <span class='ocrx_word' id='word_1_782' title='bbox 259 3659 266 3690; x_wconf 77' lang='lat' dir='ltr'><strong>r</strong></span> <span class='ocrx_word' id='word_1_783' title='bbox 276 3643 407 3691; x_wconf 72' lang='grc' dir='ltr'>εἰσεκύλτσε</span> <span class='ocrx_word' id='word_1_784' title='bbox 416 3641 530 3702; x_wconf 74' lang='grc' dir='ltr'>Θαλάσσῃ,</span> <span class='ocrx_word' id='word_1_785' title='bbox 544 3644 569 3690; x_wconf 78' lang='lat' dir='ltr'><strong>rt</strong></span> <span class='ocrx_word' id='word_1_786' title='bbox 579 3640 663 3703; x_wconf 76' lang='lat' dir='ltr'><strong>fragm.</strong></span> <span class='ocrx_word' id='word_1_787' title='bbox 677 3645 719 3689; x_wconf 81' lang='grc'><strong>106</strong></span> <span class='ocrx_word' id='word_1_788' title='bbox 733 3653 739 3684; x_wconf 90' lang='lat'>:</span> <span class='ocrx_word' id='word_1_789' title='bbox 754 3639 817 3689; x_wconf 70' lang='grc' dir='ltr'>ὅσσα</span> <span class='ocrx_word' id='word_1_790' title='bbox 829 3640 849 3688; x_wconf 80' lang='grc' dir='ltr'><strong>δ’</strong></span> <span class='ocrx_word' id='word_1_791' title='bbox 861 3642 933 3691; x_wconf 86' lang='grc' dir='ltr'>ἀκου·</span> <span class='ocrx_word' id='word_1_792' title='bbox 949 3640 951 3643; x_wconf 71' lang='grc'><strong>’</strong></span> <span class='ocrx_word' id='word_1_793' title='bbox 979 3642 1099 3693; x_wconf 75' lang='lat' dir='ltr'><strong>oriundus</strong></span> <span class='ocrx_word' id='word_1_794' title='bbox 1108 3644 1202 3705; x_wconf 63' lang='lat' dir='ltr'><strong>Sparta!</strong></span> <span class='ocrx_word' id='word_1_795' title='bbox 1215 3642 1246 3692; x_wconf 86' lang='lat' dir='ltr'><strong>stt</strong></span> <span class='ocrx_word' id='word_1_796' title='bbox 1257 3643 1337 3691; x_wconf 81' lang='lat' dir='ltr'><strong>factus</strong></span> <span class='ocrx_word' id='word_1_797' title='bbox 1346 3639 1416 3689; x_wconf 77' lang='lat' dir='ltr'><strong>ciris.</strong></span> <span class='ocrx_word' id='word_1_798' title='bbox 1429 3640 1484 3689; x_wconf 84' lang='lat' dir='ltr'><strong>Sine</strong></span> <span class='ocrx_word' id='word_1_799' title='bbox 1494 3639 1590 3688; x_wconf 86' lang='lat' dir='ltr'><strong>notrtlnc</strong></span> <span class='ocrx_word' id='word_1_800' title='bbox 1601 3643 1678 3701; x_wconf 70' lang='lat' dir='ltr'><strong>proebe</strong></span> <span class='ocrx_word' id='word_1_801' title='bbox 1690 3639 1763 3691; x_wconf 82' lang='lat' dir='ltr'><strong>trahet</strong></span> 
     </span>
     <span class='ocr_line' id='line_1_49' title="bbox 149 3710 1765 3775; baseline -0.001 -13"><span class='ocrx_word' id='word_1_802' title='bbox 149 3719 199 3769; x_wconf 68' lang='grc' dir='ltr'>ντῑξ</span> <span class='ocrx_word' id='word_1_803' title='bbox 215 3713 344 3775; x_wconf 76' lang='grc' dir='ltr'>εἰστθέμην.</span> <span class='ocrx_word' id='word_1_804' title='bbox 368 3715 404 3763; x_wconf 85' lang='lat' dir='ltr'><strong>Dc</strong></span> <span class='ocrx_word' id='word_1_805' title='bbox 420 3712 532 3775; x_wconf 81' lang='lat' dir='ltr'><strong>satyrica</strong></span> <span class='ocrx_word' id='word_1_806' title='bbox 550 3711 686 3761; x_wconf 80' lang='lat' dir='ltr'><strong>saltationis</strong></span> <span class='ocrx_word' id='word_1_807' title='bbox 703 3710 827 3759; x_wconf 87' lang='lat' dir='ltr'><strong>alacritate</strong></span> <span class='ocrx_word' id='word_1_808' title='bbox 840 3713 934 3762; x_wconf 83' lang='lat' dir='ltr'><strong>welch.</strong></span> <span class='ocrx_word' id='word_1_809' title='bbox 980 3712 1129 3763; x_wconf 85' lang='lat' dir='ltr'><strong>Plutarchus</strong></span> <span class='ocrx_word' id='word_1_810' title='bbox 1140 3714 1175 3762; x_wconf 89' lang='lat' dir='ltr'><strong>De</strong></span> <span class='ocrx_word' id='word_1_811' title='bbox 1189 3712 1260 3762; x_wconf 83' lang='lat' dir='ltr'><strong>exilio</strong></span> <span class='ocrx_word' id='word_1_812' title='bbox 1271 3725 1295 3774; x_wconf 90' lang='lat' dir='ltr'><strong>p.</strong></span> <span class='ocrx_word' id='word_1_813' title='bbox 1307 3717 1362 3771; x_wconf 79' lang='grc'>339,</span> <span class='ocrx_word' id='word_1_814' title='bbox 1374 3714 1401 3759; x_wconf 84' lang='grc' dir='ltr'><strong>Ε.</strong></span> <span class='ocrx_word' id='word_1_815' title='bbox 1415 3717 1464 3759; x_wconf 92' lang='lat' dir='ltr'><strong>-t</strong></span> <span class='ocrx_word' id='word_1_816' title='bbox 1486 3711 1578 3773; x_wconf 75' lang='grc' dir='ltr'>σαρδιατ</span> <span class='ocrx_word' id='word_1_817' title='bbox 1590 3710 1765 3772; x_wconf 75' lang='grc' dir='ltr'>(σιτμοτεστὶμῑο</span> 
     </span>
     <span class='ocr_line' id='line_1_50' title="bbox 149 3779 1761 3848; baseline -0.001 -15"><span class='ocrx_word' id='word_1_818' title='bbox 149 3783 309 3833; x_wconf 67' lang='lat' dir='ltr'><strong>antatium.</strong></span> <span class='ocrx_word' id='word_1_819' title='bbox 326 3785 388 3843; x_wconf 82' lang='lat' dir='ltr'><strong>xiv,</strong></span> <span class='ocrx_word' id='word_1_820' title='bbox 406 3798 429 3847; x_wconf 92' lang='lat' dir='ltr'><strong>p.</strong></span> <span class='ocrx_word' id='word_1_821' title='bbox 446 3788 501 3843; x_wconf 72' lang='lat' dir='ltr'><strong>did,</strong></span> <span class='ocrx_word' id='word_1_822' title='bbox 516 3784 545 3841; x_wconf 81' lang='lat' dir='ltr'><strong>G,</strong></span> <span class='ocrx_word' id='word_1_823' title='bbox 565 3784 594 3830; x_wconf 87' lang='lat' dir='ltr'><strong>D.</strong></span> <span class='ocrx_word' id='word_1_824' title='bbox 617 3790 647 3817; x_wconf 89' lang='lat'><strong>-&#39;-</strong></span> <span class='ocrx_word' id='word_1_825' title='bbox 661 3786 684 3830; x_wconf 85' lang='lat'><strong>8.</strong></span> <span class='ocrx_word' id='word_1_826' title='bbox 700 3779 856 3841; x_wconf 75' lang='lat' dir='ltr'><strong>Padicipiarn</strong></span> <span class='ocrx_word' id='word_1_827' title='bbox 871 3783 934 3833; x_wconf 70' lang='lat' dir='ltr'><strong>aaa·</strong></span> <span class='ocrx_word' id='word_1_828' title='bbox 981 3786 1023 3847; x_wconf 75' lang='grc' dir='ltr'><strong>ες)</strong></span> <span class='ocrx_word' id='word_1_829' title='bbox 1047 3785 1143 3848; x_wconf 63' lang='lat' dir='ltr'><strong>‘ippotae</strong></span> <span class='ocrx_word' id='word_1_830' title='bbox 1162 3783 1234 3842; x_wconf 79' lang='lat' dir='ltr'><strong>cdd,</strong></span> <span class='ocrx_word' id='word_1_831' title='bbox 1254 3783 1349 3847; x_wconf 79' lang='grc' dir='ltr'>ἀρχαῖαι</span> <span class='ocrx_word' id='word_1_832' title='bbox 1366 3795 1448 3845; x_wconf 75' lang='lat' dir='ltr'><strong>aprzgr.</strong></span> <span class='ocrx_word' id='word_1_833' title='bbox 1479 3784 1543 3838; x_wconf 52' lang='lat' dir='ltr'><strong>tiara</strong></span> <span class='ocrx_word' id='word_1_834' title='bbox 1567 3780 1661 3843; x_wconf 76' lang='grc' dir='ltr'>ἀρχαῖος</span> <span class='ocrx_word' id='word_1_835' title='bbox 1686 3781 1761 3841; x_wconf 66' lang='lat' dir='ltr'><strong>illut,</strong></span> 
     </span>
     <span class='ocr_line' id='line_1_51' title="bbox 149 3850 1769 3919; baseline 0.001 -18"><span class='ocrx_word' id='word_1_836' title='bbox 149 3853 262 3916; x_wconf 86' lang='lat' dir='ltr'><strong>piabatur</strong></span> <span class='ocrx_word' id='word_1_837' title='bbox 276 3865 321 3916; x_wconf 90' lang='lat' dir='ltr'><strong>pro</strong></span> <span class='ocrx_word' id='word_1_838' title='bbox 334 3854 445 3917; x_wconf 77' lang='grc' dir='ltr'>ελλκόμην</span> <span class='ocrx_word' id='word_1_839' title='bbox 457 3851 638 3916; x_wconf 70' lang='grc' dir='ltr'>(εἵλκετο),ῳά</span> <span class='ocrx_word' id='word_1_840' title='bbox 653 3851 731 3901; x_wconf 87' lang='lat' dir='ltr'><strong>mulio</strong></span> <span class='ocrx_word' id='word_1_841' title='bbox 743 3850 891 3914; x_wconf 85' lang='lat' dir='ltr'><strong>probabilius</strong></span> <span class='ocrx_word' id='word_1_842' title='bbox 905 3854 936 3902; x_wconf 88' lang='lat' dir='ltr'><strong>ab</strong></span> <span class='ocrx_word' id='word_1_843' title='bbox 980 3854 1110 3919; x_wconf 80' lang='lat' dir='ltr'><strong>praelatum</strong></span> <span class='ocrx_word' id='word_1_844' title='bbox 1129 3868 1144 3905; x_wconf 91' lang='lat' dir='ltr'><strong>a</strong></span> <span class='ocrx_word' id='word_1_845' title='bbox 1164 3854 1281 3915; x_wconf 76' lang='lat' dir='ltr'><strong>bruach,</strong></span> <span class='ocrx_word' id='word_1_846' title='bbox 1295 3855 1348 3903; x_wconf 84' lang='lat' dir='ltr'><strong>lac.</strong></span> <span class='ocrx_word' id='word_1_847' title='bbox 1368 3854 1393 3901; x_wconf 92' lang='lat' dir='ltr'><strong>in</strong></span> <span class='ocrx_word' id='word_1_848' title='bbox 1413 3852 1515 3901; x_wconf 84' lang='lat' dir='ltr'><strong>Deiecto</strong></span> <span class='ocrx_word' id='word_1_849' title='bbox 1535 3866 1560 3914; x_wconf 89' lang='lat' dir='ltr'><strong>p.</strong></span> <span class='ocrx_word' id='word_1_850' title='bbox 1579 3857 1623 3910; x_wconf 84' lang='grc'>93,</span> <span class='ocrx_word' id='word_1_851' title='bbox 1645 3851 1769 3902; x_wconf 84' lang='lat' dir='ltr'><strong>Meirrchio</strong></span> 
     </span>
     <span class='ocr_line' id='line_1_52' title="bbox 151 3919 1764 3987; baseline -0.001 -15"><span class='ocrx_word' id='word_1_852' title='bbox 151 3926 290 3974; x_wconf 78' lang='lat' dir='ltr'><strong>Hermanno</strong></span> <span class='ocrx_word' id='word_1_853' title='bbox 311 3937 369 3973; x_wconf 89' lang='lat' dir='ltr'><strong>cum</strong></span> <span class='ocrx_word' id='word_1_854' title='bbox 402 3924 562 3987; x_wconf 72' lang='lat' dir='ltr'><strong>mquerrtibus</strong></span> <span class='ocrx_word' id='word_1_855' title='bbox 580 3922 704 3986; x_wconf 76' lang='lat' dir='ltr'><strong>iungitur:</strong></span> <span class='ocrx_word' id='word_1_856' title='bbox 730 3925 755 3971; x_wconf 89' lang='lat' dir='ltr'><strong>ct</strong></span> <span class='ocrx_word' id='word_1_857' title='bbox 776 3923 812 3971; x_wconf 88' lang='lat' dir='ltr'><strong>sic</strong></span> <span class='ocrx_word' id='word_1_858' title='bbox 831 3923 935 3974; x_wconf 83' lang='lat' dir='ltr'><strong>hleirtelr.</strong></span> <span class='ocrx_word' id='word_1_859' title='bbox 980 3924 1235 3987; x_wconf 60' lang='lat' dir='ltr'><strong>santabarenus.</strong></span> <span class='ocrx_word' id='word_1_860' title='bbox 1251 3922 1300 3972; x_wconf 90' lang='lat' dir='ltr'><strong>Sed</strong></span> <span class='ocrx_word' id='word_1_861' title='bbox 1316 3919 1622 3971; x_wconf 84' lang='lat' dir='ltr'><strong>rectealtcrumrindirat</strong></span> <span class='ocrx_word' id='word_1_862' title='bbox 1640 3920 1764 3971; x_wconf 75' lang='lat' dir='ltr'><strong>nocherus</strong></span> 
     </span>
     <span class='ocr_line' id='line_1_53' title="bbox 151 3989 1764 4058; baseline -0.004 -12"><span class='ocrx_word' id='word_1_863' title='bbox 151 4011 175 4058; x_wconf 88' lang='lat' dir='ltr'><strong>p.</strong></span> <span class='ocrx_word' id='word_1_864' title='bbox 190 4000 243 4056; x_wconf 78' lang='lat' dir='ltr'><strong>tsi,</strong></span> <span class='ocrx_word' id='word_1_865' title='bbox 258 3994 547 4054; x_wconf 59' lang='lat' dir='ltr'><strong>naamaniticae.</strong></span> <span class='ocrx_word' id='word_1_866' title='bbox 562 4021 593 4029; x_wconf 92' lang='lat'><em>-</em></span> <span class='ocrx_word' id='word_1_867' title='bbox 604 3997 620 4042; x_wconf 87' lang='lat' dir='ltr'><strong>o</strong></span> <span class='ocrx_word' id='word_1_868' title='bbox 632 3994 691 4043; x_wconf 74' lang='grc' dir='ltr'>λπτύ</span> <span class='ocrx_word' id='word_1_869' title='bbox 702 3993 728 4041; x_wconf 82' lang='grc' dir='ltr'><strong>δέ</strong></span> <span class='ocrx_word' id='word_1_870' title='bbox 739 4010 777 4055; x_wconf 85' lang='grc' dir='ltr'><strong>μοι</strong></span> <span class='ocrx_word' id='word_1_871' title='bbox 797 3993 850 4056; x_wconf 84' lang='lat' dir='ltr'><strong>(rel</strong></span> <span class='ocrx_word' id='word_1_872' title='bbox 864 3995 936 4044; x_wconf 72' lang='grc' dir='ltr'>ἑπτά·</span> <span class='ocrx_word' id='word_1_873' title='bbox 955 3998 958 4045; x_wconf 92' lang='lat' dir='ltr'><strong>l</strong></span> <span class='ocrx_word' id='word_1_874' title='bbox 980 3994 1078 4046; x_wconf 85' lang='lat' dir='ltr'><strong>collatis</strong></span> <span class='ocrx_word' id='word_1_875' title='bbox 1096 4007 1152 4057; x_wconf 87' lang='lat' dir='ltr'><strong>epp.</strong></span> <span class='ocrx_word' id='word_1_876' title='bbox 1165 3998 1212 4042; x_wconf 78' lang='lat' dir='ltr'><strong>its</strong></span> <span class='ocrx_word' id='word_1_877' title='bbox 1231 3996 1257 4041; x_wconf 90' lang='lat' dir='ltr'><strong>et</strong></span> <span class='ocrx_word' id='word_1_878' title='bbox 1278 3997 1322 4042; x_wconf 74' lang='lat' dir='ltr'><strong>oin</strong></span> <span class='ocrx_word' id='word_1_879' title='bbox 1337 4004 1390 4052; x_wconf 89' lang='lat' dir='ltr'><strong>cap.</strong></span> <span class='ocrx_word' id='word_1_880' title='bbox 1411 3991 1453 4040; x_wconf 83' lang='lat' dir='ltr'><strong>ix.</strong></span> <span class='ocrx_word' id='word_1_881' title='bbox 1471 3989 1564 4039; x_wconf 74' lang='lat' dir='ltr'><strong>vitiose</strong></span> <span class='ocrx_word' id='word_1_882' title='bbox 1578 3989 1648 4051; x_wconf 82' lang='grc' dir='ltr'>νόμος</span> <span class='ocrx_word' id='word_1_883' title='bbox 1665 3989 1725 4038; x_wconf 79' lang='lat' dir='ltr'><strong>Coti.</strong></span> <span class='ocrx_word' id='word_1_884' title='bbox 1738 3993 1764 4039; x_wconf 87' lang='lat' dir='ltr'><strong>ct</strong></span> 
     </span>
     <span class='ocr_line' id='line_1_54' title="bbox 150 4047 1763 4128; baseline -0.004 -13"><span class='ocrx_word' id='word_1_885' title='bbox 150 4068 231 4128; x_wconf 79' lang='grc' dir='ltr'>δέμον)</span> <span class='ocrx_word' id='word_1_886' title='bbox 247 4066 321 4128; x_wconf 73' lang='lat' dir='ltr'><strong>ipsura</strong></span> <span class='ocrx_word' id='word_1_887' title='bbox 340 4066 412 4119; x_wconf 80' lang='grc' dir='ltr'>τύπος</span> <span class='ocrx_word' id='word_1_888' title='bbox 433 4064 534 4119; x_wconf 76' lang='lat' dir='ltr'><strong>Cortex:</strong></span> <span class='ocrx_word' id='word_1_889' title='bbox 553 4064 632 4112; x_wconf 79' lang='grc' dir='ltr'>εὔαδεν</span> <span class='ocrx_word' id='word_1_890' title='bbox 648 4065 734 4125; x_wconf 73' lang='grc' dir='ltr'>ἡρώων</span> <span class='ocrx_word' id='word_1_891' title='bbox 753 4062 900 4124; x_wconf 82' lang='lat' dir='ltr'><strong>Salmasius,</strong></span> <span class='ocrx_word' id='word_1_892' title='bbox 911 4064 935 4115; x_wconf 89' lang='lat' dir='ltr'><strong>ia</strong></span> <span class='ocrx_word' id='word_1_893' title='bbox 955 4047 958 4075; x_wconf 63' lang='grc' dir='ltr'>Ι</span> <span class='ocrx_word' id='word_1_894' title='bbox 981 4065 1046 4115; x_wconf 88' lang='lat' dir='ltr'><strong>Plut.</strong></span> <span class='ocrx_word' id='word_1_895' title='bbox 1066 4072 1125 4114; x_wconf 80' lang='lat' dir='ltr'><strong>-h</strong></span> <span class='ocrx_word' id='word_1_896' title='bbox 1141 4067 1223 4126; x_wconf 80' lang='grc' dir='ltr'>κέρνος</span> <span class='ocrx_word' id='word_1_897' title='bbox 1240 4078 1340 4118; x_wconf 87' lang='grc' dir='ltr'>ηστισαν</span> <span class='ocrx_word' id='word_1_898' title='bbox 1361 4062 1376 4117; x_wconf 84' lang='grc' dir='ltr'><strong>ἢ</strong></span> <span class='ocrx_word' id='word_1_899' title='bbox 1397 4061 1496 4119; x_wconf 67' lang='lat' dir='ltr'><strong>partiat</strong></span> <span class='ocrx_word' id='word_1_900' title='bbox 1511 4059 1582 4115; x_wconf 86' lang='lat' dir='ltr'><strong>cco.;</strong></span> <span class='ocrx_word' id='word_1_901' title='bbox 1601 4060 1685 4114; x_wconf 78' lang='grc' dir='ltr'>κέλσας</span> <span class='ocrx_word' id='word_1_902' title='bbox 1700 4060 1715 4117; x_wconf 83' lang='grc' dir='ltr'><strong>ἦ</strong></span> <span class='ocrx_word' id='word_1_903' title='bbox 1729 4076 1763 4114; x_wconf 83' lang='grc' dir='ltr'><strong>τις</strong></span> 
     </span>
     <span class='ocr_line' id='line_1_55' title="bbox 150 4127 1764 4199; baseline -0.005 -13"><span class='ocrx_word' id='word_1_904' title='bbox 150 4135 282 4199; x_wconf 72' lang='grc' dir='ltr'>συνεύαδε</span> <span class='ocrx_word' id='word_1_905' title='bbox 298 4147 313 4182; x_wconf 92' lang='lat' dir='ltr'><strong>a</strong></span> <span class='ocrx_word' id='word_1_906' title='bbox 332 4133 455 4197; x_wconf 86' lang='lat' dir='ltr'><strong>plerisque</strong></span> <span class='ocrx_word' id='word_1_907' title='bbox 477 4133 606 4195; x_wconf 87' lang='lat' dir='ltr'><strong>probatum</strong></span> <span class='ocrx_word' id='word_1_908' title='bbox 625 4135 650 4181; x_wconf 87' lang='lat' dir='ltr'><strong>st</strong></span> <span class='ocrx_word' id='word_1_909' title='bbox 667 4131 871 4181; x_wconf 70' lang='lat' dir='ltr'><strong>verisimillimum</strong></span> <span class='ocrx_word' id='word_1_910' title='bbox 889 4137 936 4189; x_wconf 83' lang='lat' dir='ltr'><strong>est.</strong></span> <span class='ocrx_word' id='word_1_911' title='bbox 981 4136 1038 4199; x_wconf 73' lang='grc' dir='ltr'>ἀνὴρ</span> <span class='ocrx_word' id='word_1_912' title='bbox 1055 4137 1157 4198; x_wconf 71' lang='lat' dir='ltr'><strong>paseha&lt;</strong></span> <span class='ocrx_word' id='word_1_913' title='bbox 1172 4133 1248 4189; x_wconf 66' lang='lat' dir='ltr'><strong>Pluts,</strong></span> <span class='ocrx_word' id='word_1_914' title='bbox 1263 4134 1345 4193; x_wconf 77' lang='grc' dir='ltr'>γέρνας</span> <span class='ocrx_word' id='word_1_915' title='bbox 1359 4131 1387 4189; x_wconf 74' lang='grc' dir='ltr'><strong>ἦν</strong></span> <span class='ocrx_word' id='word_1_916' title='bbox 1405 4147 1438 4184; x_wconf 78' lang='grc' dir='ltr'><strong>τις</strong></span> <span class='ocrx_word' id='word_1_917' title='bbox 1450 4130 1478 4177; x_wconf 77' lang='grc' dir='ltr'><strong>ἂν</strong></span> <span class='ocrx_word' id='word_1_918' title='bbox 1498 4132 1513 4187; x_wconf 77' lang='grc' dir='ltr'>ἢ</span> <span class='ocrx_word' id='word_1_919' title='bbox 1527 4130 1627 4192; x_wconf 80' lang='grc' dir='ltr'>βακέλας</span> <span class='ocrx_word' id='word_1_920' title='bbox 1645 4127 1764 4178; x_wconf 86' lang='lat' dir='ltr'><strong>edebatur</strong></span> 
     </span>
     <span class='ocr_line' id='line_1_56' title="bbox 151 4197 1762 4265; baseline -0.005 -10"><span class='ocrx_word' id='word_1_921' title='bbox 151 4219 210 4257; x_wconf 79' lang='grc' dir='ltr'>τοτα</span> <span class='ocrx_word' id='word_1_922' title='bbox 222 4207 305 4254; x_wconf 77' lang='lat' dir='ltr'><strong>sumtu</strong></span> <span class='ocrx_word' id='word_1_923' title='bbox 318 4202 426 4253; x_wconf 80' lang='lat' dir='ltr'><strong>lumbati</strong></span> <span class='ocrx_word' id='word_1_924' title='bbox 438 4202 576 4252; x_wconf 85' lang='lat' dir='ltr'><strong>ernendatio</strong></span> <span class='ocrx_word' id='word_1_925' title='bbox 587 4203 687 4265; x_wconf 79' lang='grc' dir='ltr'>θύρσων,</span> <span class='ocrx_word' id='word_1_926' title='bbox 701 4202 743 4263; x_wconf 83' lang='lat' dir='ltr'><strong>qui</strong></span> <span class='ocrx_word' id='word_1_927' title='bbox 752 4205 872 4265; x_wconf 73' lang='lat' dir='ltr'><strong>patema</strong></span> <span class='ocrx_word' id='word_1_928' title='bbox 881 4206 938 4253; x_wconf 89' lang='grc' dir='ltr'>κτύ-</span> <span class='ocrx_word' id='word_1_929' title='bbox 980 4219 1011 4256; x_wconf 82' lang='grc' dir='ltr'><strong>εκ</strong></span> <span class='ocrx_word' id='word_1_930' title='bbox 1023 4203 1120 4255; x_wconf 89' lang='lat' dir='ltr'><strong>cmend.</strong></span> <span class='ocrx_word' id='word_1_931' title='bbox 1131 4202 1219 4252; x_wconf 84' lang='lat' dir='ltr'><strong>lieishii</strong></span> <span class='ocrx_word' id='word_1_932' title='bbox 1232 4203 1257 4250; x_wconf 92' lang='lat' dir='ltr'><strong>et</strong></span> <span class='ocrx_word' id='word_1_933' title='bbox 1271 4199 1397 4260; x_wconf 78' lang='lat' dir='ltr'><strong>salmasii,</strong></span> <span class='ocrx_word' id='word_1_934' title='bbox 1407 4199 1447 4260; x_wconf 85' lang='lat' dir='ltr'><strong>qui</strong></span> <span class='ocrx_word' id='word_1_935' title='bbox 1458 4198 1525 4261; x_wconf 89' lang='lat' dir='ltr'><strong>prius</strong></span> <span class='ocrx_word' id='word_1_936' title='bbox 1534 4197 1663 4260; x_wconf 86' lang='lat' dir='ltr'><strong>scripserat</strong></span> <span class='ocrx_word' id='word_1_937' title='bbox 1672 4200 1762 4260; x_wconf 75' lang='grc' dir='ltr'>κελλας,</span> 
     </span>
     <span class='ocr_line' id='line_1_57' title="bbox 150 4267 1763 4341; baseline -0.004 -16"><span class='ocrx_word' id='word_1_938' title='bbox 150 4294 203 4339; x_wconf 81' lang='grc' dir='ltr'>ποτ,</span> <span class='ocrx_word' id='word_1_939' title='bbox 220 4278 248 4325; x_wconf 92' lang='lat' dir='ltr'><strong>ut</strong></span> <span class='ocrx_word' id='word_1_940' title='bbox 264 4274 344 4338; x_wconf 78' lang='lat' dir='ltr'><strong>Eurip.</strong></span> <span class='ocrx_word' id='word_1_941' title='bbox 361 4273 448 4323; x_wconf 87' lang='lat' dir='ltr'><strong>hacclr.</strong></span> <span class='ocrx_word' id='word_1_942' title='bbox 463 4277 509 4324; x_wconf 77' lang='lat' dir='ltr'><strong>ito</strong></span> <span class='ocrx_word' id='word_1_943' title='bbox 522 4291 527 4321; x_wconf 84' lang='grc' dir='ltr'>ι</span> <span class='ocrx_word' id='word_1_944' title='bbox 542 4273 629 4322; x_wconf 83' lang='grc' dir='ltr'>παύσω</span> <span class='ocrx_word' id='word_1_945' title='bbox 641 4275 773 4321; x_wconf 79' lang='grc' dir='ltr'>κτυποῦντα</span> <span class='ocrx_word' id='word_1_946' title='bbox 783 4273 874 4334; x_wconf 76' lang='grc' dir='ltr'>θύρσον.</span> <span class='ocrx_word' id='word_1_947' title='bbox 888 4275 937 4324; x_wconf 89' lang='lat' dir='ltr'><strong>Scd</strong></span> <span class='ocrx_word' id='word_1_948' title='bbox 956 4290 959 4341; x_wconf 84' lang='grc' dir='ltr'>γ</span> <span class='ocrx_word' id='word_1_949' title='bbox 983 4288 1034 4323; x_wconf 82' lang='lat' dir='ltr'><strong>nrm</strong></span> <span class='ocrx_word' id='word_1_950' title='bbox 1051 4273 1136 4331; x_wconf 75' lang='lat' dir='ltr'><strong>oculto,</strong></span> <span class='ocrx_word' id='word_1_951' title='bbox 1157 4271 1243 4334; x_wconf 73' lang='lat' dir='ltr'><strong>otides</strong></span> <span class='ocrx_word' id='word_1_952' title='bbox 1259 4269 1398 4319; x_wconf 85' lang='lat' dir='ltr'><strong>i&#39;iscontius</strong></span> <span class='ocrx_word' id='word_1_953' title='bbox 1411 4269 1501 4318; x_wconf 87' lang='lat' dir='ltr'><strong>citabat</strong></span> <span class='ocrx_word' id='word_1_954' title='bbox 1517 4267 1634 4331; x_wconf 78' lang='lat' dir='ltr'><strong>imagines</strong></span> <span class='ocrx_word' id='word_1_955' title='bbox 1650 4268 1763 4318; x_wconf 80' lang='lat' dir='ltr'><strong>sacerdo·</strong></span> 
     </span>
     <span class='ocr_line' id='line_1_58' title="bbox 150 4338 1762 4429; baseline -0.004 -35"><span class='ocrx_word' id='word_1_956' title='bbox 150 4347 222 4402; x_wconf 79' lang='grc' dir='ltr'>τύπος</span> <span class='ocrx_word' id='word_1_957' title='bbox 231 4344 305 4395; x_wconf 87' lang='lat' dir='ltr'><strong>etiarn</strong></span> <span class='ocrx_word' id='word_1_958' title='bbox 316 4344 503 4394; x_wconf 83' lang='lat' dir='ltr'><strong>Harrnannohtc</strong></span> <span class='ocrx_word' id='word_1_959' title='bbox 512 4347 596 4405; x_wconf 81' lang='lat' dir='ltr'><strong>aptum</strong></span> <span class='ocrx_word' id='word_1_960' title='bbox 605 4341 740 4392; x_wconf 87' lang='lat' dir='ltr'><strong>ridebatur.</strong></span> <span class='ocrx_word' id='word_1_961' title='bbox 749 4341 938 4404; x_wconf 81' lang='lat' dir='ltr'><strong>Quodsoquitar</strong></span> <span class='ocrx_word' id='word_1_962' title='bbox 956 4346 959 4429; x_wconf 65' lang='lat' dir='ltr'><strong>p</strong></span> <span class='ocrx_word' id='word_1_963' title='bbox 982 4347 1034 4392; x_wconf 90' lang='lat' dir='ltr'><strong>tum</strong></span> <span class='ocrx_word' id='word_1_964' title='bbox 1048 4341 1121 4391; x_wconf 86' lang='lat' dir='ltr'><strong>isidis</strong></span> <span class='ocrx_word' id='word_1_965' title='bbox 1137 4342 1213 4391; x_wconf 85' lang='lat' dir='ltr'><strong>altero</strong></span> <span class='ocrx_word' id='word_1_966' title='bbox 1223 4340 1296 4390; x_wconf 89' lang='lat' dir='ltr'><strong>oculo</strong></span> <span class='ocrx_word' id='word_1_967' title='bbox 1308 4339 1401 4387; x_wconf 87' lang='lat' dir='ltr'><strong>minore</strong></span> <span class='ocrx_word' id='word_1_968' title='bbox 1415 4341 1440 4388; x_wconf 89' lang='lat' dir='ltr'><strong>et</strong></span> <span class='ocrx_word' id='word_1_969' title='bbox 1457 4338 1535 4397; x_wconf 81' lang='lat' dir='ltr'><strong>hisco,</strong></span> <span class='ocrx_word' id='word_1_970' title='bbox 1548 4338 1604 4388; x_wconf 84' lang='lat' dir='ltr'><strong>call.</strong></span> <span class='ocrx_word' id='word_1_971' title='bbox 1616 4339 1699 4389; x_wconf 89' lang='lat' dir='ltr'><strong>Persio</strong></span> <span class='ocrx_word' id='word_1_972' title='bbox 1711 4340 1762 4388; x_wconf 90' lang='lat' dir='ltr'><strong>Sat.</strong></span> 
     </span>
     <span class='ocr_line' id='line_1_59' title="bbox 151 4408 1762 4479; baseline -0.005 -13"><span class='ocrx_word' id='word_1_973' title='bbox 151 4417 179 4467; x_wconf 83' lang='grc' dir='ltr'><strong>οῦ</strong></span> <span class='ocrx_word' id='word_1_974' title='bbox 189 4416 239 4479; x_wconf 79' lang='grc' dir='ltr'>χερί</span> <span class='ocrx_word' id='word_1_975' title='bbox 253 4416 387 4467; x_wconf 86' lang='lat' dir='ltr'><strong>nemodirm</strong></span> <span class='ocrx_word' id='word_1_976' title='bbox 398 4415 501 4465; x_wconf 84' lang='lat' dir='ltr'><strong>sanarit.</strong></span> <span class='ocrx_word' id='word_1_977' title='bbox 516 4416 661 4465; x_wconf 79' lang='lat' dir='ltr'><strong>walcherus</strong></span> <span class='ocrx_word' id='word_1_978' title='bbox 672 4413 775 4478; x_wconf 81' lang='lat' dir='ltr'><strong>orphcat</strong></span> <span class='ocrx_word' id='word_1_979' title='bbox 790 4431 802 4455; x_wconf 77' lang='grc' dir='ltr'><strong>ν</strong></span> <span class='ocrx_word' id='word_1_980' title='bbox 813 4426 866 4462; x_wconf 87' lang='lat' dir='ltr'><strong>noa</strong></span> <span class='ocrx_word' id='word_1_981' title='bbox 876 4417 937 4464; x_wconf 84' lang='lat' dir='ltr'><strong>orte</strong></span> <span class='ocrx_word' id='word_1_982' title='bbox 982 4416 1013 4474; x_wconf 87' lang='lat' dir='ltr'><strong>V,</strong></span> <span class='ocrx_word' id='word_1_983' title='bbox 1028 4419 1078 4462; x_wconf 80' lang='lat' dir='ltr'><strong>tae.</strong></span> <span class='ocrx_word' id='word_1_984' title='bbox 1096 4411 1144 4460; x_wconf 87' lang='lat' dir='ltr'><strong>Sed</strong></span> <span class='ocrx_word' id='word_1_985' title='bbox 1160 4432 1170 4450; x_wconf 74' lang='grc' dir='ltr'><strong>ν</strong></span> <span class='ocrx_word' id='word_1_986' title='bbox 1188 4416 1269 4474; x_wconf 78' lang='grc' dir='ltr'>κερνᾶς</span> <span class='ocrx_word' id='word_1_987' title='bbox 1285 4409 1352 4459; x_wconf 90' lang='lat' dir='ltr'><strong>esti.</strong></span> <span class='ocrx_word' id='word_1_988' title='bbox 1369 4422 1394 4470; x_wconf 85' lang='lat' dir='ltr'><strong>q.</strong></span> <span class='ocrx_word' id='word_1_989' title='bbox 1410 4410 1558 4471; x_wconf 75' lang='grc' dir='ltr'>κερνοφόρος,</span> <span class='ocrx_word' id='word_1_990' title='bbox 1572 4408 1653 4459; x_wconf 83' lang='lat' dir='ltr'><strong>terens</strong></span> <span class='ocrx_word' id='word_1_991' title='bbox 1667 4412 1762 4472; x_wconf 82' lang='grc' dir='ltr'>κέρνον,</span> 
     </span>
     <span class='ocr_line' id='line_1_60' title="bbox 151 4477 1763 4549; baseline -0.004 -14"><span class='ocrx_word' id='word_1_992' title='bbox 151 4489 267 4537; x_wconf 83' lang='lat' dir='ltr'><strong>renouata</strong></span> <span class='ocrx_word' id='word_1_993' title='bbox 279 4486 358 4549; x_wconf 76' lang='lat' dir='ltr'><strong>tiryrsi</strong></span> <span class='ocrx_word' id='word_1_994' title='bbox 380 4485 473 4545; x_wconf 86' lang='lat' dir='ltr'><strong>tonna,</strong></span> <span class='ocrx_word' id='word_1_995' title='bbox 495 4485 560 4548; x_wconf 87' lang='lat' dir='ltr'><strong>quali</strong></span> <span class='ocrx_word' id='word_1_996' title='bbox 571 4484 703 4534; x_wconf 86' lang='lat' dir='ltr'><strong>utebantur</strong></span> <span class='ocrx_word' id='word_1_997' title='bbox 718 4485 774 4534; x_wconf 88' lang='lat' dir='ltr'><strong>ante</strong></span> <span class='ocrx_word' id='word_1_998' title='bbox 782 4482 935 4543; x_wconf 86' lang='lat' dir='ltr'><strong>Sositheum,</strong></span> <span class='ocrx_word' id='word_1_999' title='bbox 956 4502 959 4523; x_wconf 77' lang='grc' dir='ltr'>ι</span> <span class='ocrx_word' id='word_1_1000' title='bbox 980 4483 1074 4532; x_wconf 84' lang='lat' dir='ltr'><strong>lancem</strong></span> <span class='ocrx_word' id='word_1_1001' title='bbox 1086 4481 1137 4530; x_wconf 88' lang='lat' dir='ltr'><strong>sire</strong></span> <span class='ocrx_word' id='word_1_1002' title='bbox 1151 4482 1270 4529; x_wconf 84' lang='lat' dir='ltr'><strong>crateram</strong></span> <span class='ocrx_word' id='word_1_1003' title='bbox 1279 4477 1305 4528; x_wconf 92' lang='lat' dir='ltr'><strong>in</strong></span> <span class='ocrx_word' id='word_1_1004' title='bbox 1315 4481 1407 4541; x_wconf 73' lang='lat' dir='ltr'><strong>biegnae</strong></span> <span class='ocrx_word' id='word_1_1005' title='bbox 1423 4477 1508 4527; x_wconf 83' lang='lat' dir='ltr'><strong>blattis</strong></span> <span class='ocrx_word' id='word_1_1006' title='bbox 1520 4478 1643 4541; x_wconf 77' lang='lat' dir='ltr'><strong>mysteriis</strong></span> <span class='ocrx_word' id='word_1_1007' title='bbox 1660 4492 1763 4542; x_wconf 91' lang='lat' dir='ltr'><strong>usurpa·</strong></span> 
     </span>
     <span class='ocr_line' id='line_1_61' title="bbox 151 4530 1770 4617; baseline -0.009 -10"><span class='ocrx_word' id='word_1_1008' title='bbox 151 4570 220 4607; x_wconf 90' lang='lat' dir='ltr'><strong>ramo</strong></span> <span class='ocrx_word' id='word_1_1009' title='bbox 236 4556 360 4615; x_wconf 81' lang='lat' dir='ltr'><strong>frondoso,</strong></span> <span class='ocrx_word' id='word_1_1010' title='bbox 376 4570 423 4606; x_wconf 91' lang='lat' dir='ltr'><strong>non</strong></span> <span class='ocrx_word' id='word_1_1011' title='bbox 437 4569 510 4605; x_wconf 85' lang='lat' dir='ltr'><strong>mena</strong></span> <span class='ocrx_word' id='word_1_1012' title='bbox 524 4554 628 4604; x_wconf 88' lang='lat' dir='ltr'><strong>edolato.</strong></span> <span class='ocrx_word' id='word_1_1013' title='bbox 644 4573 656 4596; x_wconf 82' lang='grc' dir='ltr'><strong>ν</strong></span> <span class='ocrx_word' id='word_1_1014' title='bbox 672 4553 744 4611; x_wconf 87' lang='lat' dir='ltr'><strong>Quod</strong></span> <span class='ocrx_word' id='word_1_1015' title='bbox 758 4567 806 4603; x_wconf 89' lang='lat' dir='ltr'><strong>aon</strong></span> <span class='ocrx_word' id='word_1_1016' title='bbox 817 4553 936 4617; x_wconf 74' lang='lat' dir='ltr'><strong>procedit.</strong></span> <span class='ocrx_word' id='word_1_1017' title='bbox 956 4530 959 4609; x_wconf 72' lang='lat' dir='ltr'><strong>t</strong></span> <span class='ocrx_word' id='word_1_1018' title='bbox 982 4556 1032 4604; x_wconf 87' lang='lat' dir='ltr'><strong>tarn</strong></span> <span class='ocrx_word' id='word_1_1019' title='bbox 1048 4573 1054 4603; x_wconf 84' lang='grc' dir='ltr'><strong>τ</strong></span> <span class='ocrx_word' id='word_1_1020' title='bbox 1075 4563 1149 4615; x_wconf 87' lang='lat' dir='ltr'><strong>qnam</strong></span> <span class='ocrx_word' id='word_1_1021' title='bbox 1162 4560 1215 4603; x_wconf 87' lang='lat' dir='ltr'><strong>rem</strong></span> <span class='ocrx_word' id='word_1_1022' title='bbox 1237 4549 1370 4600; x_wconf 83' lang='lat' dir='ltr'><strong>illustrauit</strong></span> <span class='ocrx_word' id='word_1_1023' title='bbox 1386 4547 1489 4598; x_wconf 75' lang='lat' dir='ltr'><strong>laneca</strong></span> <span class='ocrx_word' id='word_1_1024' title='bbox 1513 4549 1630 4612; x_wconf 76' lang='lat' dir='ltr'><strong>Aglaoph.</strong></span> <span class='ocrx_word' id='word_1_1025' title='bbox 1650 4551 1670 4609; x_wconf 93' lang='lat' dir='ltr'><strong>l,</strong></span> <span class='ocrx_word' id='word_1_1026' title='bbox 1687 4564 1710 4612; x_wconf 93' lang='lat' dir='ltr'><strong>p.</strong></span> <span class='ocrx_word' id='word_1_1027' title='bbox 1733 4556 1770 4600; x_wconf 81' lang='lat' dir='ltr'><strong>ac.</strong></span> 
     </span>
     <span class='ocr_line' id='line_1_62' title="bbox 151 4612 1762 4695; baseline -0.006 -19"><span class='ocrx_word' id='word_1_1028' title='bbox 151 4627 305 4676; x_wconf 86' lang='lat' dir='ltr'><strong>Hermaanus</strong></span> <span class='ocrx_word' id='word_1_1029' title='bbox 316 4627 340 4676; x_wconf 73' lang='lat' dir='ltr'><strong>iv</strong></span> <span class='ocrx_word' id='word_1_1030' title='bbox 352 4629 412 4690; x_wconf 84' lang='grc' dir='ltr'>χερὶ,</span> <span class='ocrx_word' id='word_1_1031' title='bbox 424 4625 492 4689; x_wconf 84' lang='lat' dir='ltr'><strong>quod</strong></span> <span class='ocrx_word' id='word_1_1032' title='bbox 514 4624 606 4688; x_wconf 90' lang='lat' dir='ltr'><strong>recepit</strong></span> <span class='ocrx_word' id='word_1_1033' title='bbox 626 4624 715 4683; x_wconf 72' lang='lat' dir='ltr'><strong>Boiss,</strong></span> <span class='ocrx_word' id='word_1_1034' title='bbox 726 4624 778 4685; x_wconf 83' lang='lat' dir='ltr'><strong>jam</strong></span> <span class='ocrx_word' id='word_1_1035' title='bbox 796 4623 937 4675; x_wconf 82' lang='lat' dir='ltr'><strong>alacohsio</strong></span> <span class='ocrx_word' id='word_1_1036' title='bbox 955 4612 959 4695; x_wconf 73' lang='lat' dir='ltr'><strong>t</strong></span> <span class='ocrx_word' id='word_1_1037' title='bbox 981 4636 1032 4686; x_wconf 82' lang='lat' dir='ltr'><strong>seq.</strong></span> <span class='ocrx_word' id='word_1_1038' title='bbox 1048 4644 1059 4667; x_wconf 83' lang='grc' dir='ltr'><strong>ν</strong></span> <span class='ocrx_word' id='word_1_1039' title='bbox 1079 4625 1135 4673; x_wconf 74' lang='lat' dir='ltr'><strong>lac.</strong></span> <span class='ocrx_word' id='word_1_1040' title='bbox 1151 4623 1195 4671; x_wconf 78' lang='lat' dir='ltr'><strong>list</strong></span> <span class='ocrx_word' id='word_1_1041' title='bbox 1208 4622 1308 4684; x_wconf 79' lang='grc' dir='ltr'>βακέλας</span> <span class='ocrx_word' id='word_1_1042' title='bbox 1323 4619 1464 4681; x_wconf 79' lang='lat' dir='ltr'><strong>coniectura</strong></span> <span class='ocrx_word' id='word_1_1043' title='bbox 1476 4632 1521 4680; x_wconf 89' lang='lat' dir='ltr'><strong>pro</strong></span> <span class='ocrx_word' id='word_1_1044' title='bbox 1535 4618 1627 4682; x_wconf 90' lang='lat' dir='ltr'><strong>scripto</strong></span> <span class='ocrx_word' id='word_1_1045' title='bbox 1643 4621 1762 4680; x_wconf 80' lang='grc' dir='ltr'>μακέλας,</span> 
     </span>
     <span class='ocr_line' id='line_1_63' title="bbox 150 4686 1762 4762; baseline -0.008 -14"><span class='ocrx_word' id='word_1_1046' title='bbox 150 4698 304 4762; x_wconf 85' lang='lat' dir='ltr'><strong>propositum</strong></span> <span class='ocrx_word' id='word_1_1047' title='bbox 319 4696 353 4759; x_wconf 85' lang='lat' dir='ltr'><strong>(t.</strong></span> <span class='ocrx_word' id='word_1_1048' title='bbox 366 4698 423 4756; x_wconf 81' lang='lat' dir='ltr'><strong>Vll,</strong></span> <span class='ocrx_word' id='word_1_1049' title='bbox 440 4710 463 4759; x_wconf 88' lang='lat' dir='ltr'><strong>p.</strong></span> <span class='ocrx_word' id='word_1_1050' title='bbox 480 4700 550 4751; x_wconf 84' lang='lat' dir='ltr'><strong>tout.</strong></span> <span class='ocrx_word' id='word_1_1051' title='bbox 561 4695 658 4745; x_wconf 76' lang='lat' dir='ltr'><strong>narius</strong></span> <span class='ocrx_word' id='word_1_1052' title='bbox 673 4696 753 4745; x_wconf 81' lang='grc' dir='ltr'>εύαδεν</span> <span class='ocrx_word' id='word_1_1053' title='bbox 768 4695 851 4756; x_wconf 73' lang='grc' dir='ltr'>ἡρώων</span> <span class='ocrx_word' id='word_1_1054' title='bbox 866 4697 938 4754; x_wconf 82' lang='grc' dir='ltr'>τύπος</span> <span class='ocrx_word' id='word_1_1055' title='bbox 981 4708 1036 4758; x_wconf 58' lang='lat' dir='ltr'><strong>quaa</strong></span> <span class='ocrx_word' id='word_1_1056' title='bbox 1050 4697 1077 4744; x_wconf 59' lang='lat' dir='ltr'><strong>lt.</strong></span> <span class='ocrx_word' id='word_1_1057' title='bbox 1095 4690 1259 4755; x_wconf 81' lang='lat' dir='ltr'><strong>Dindortiuin</strong></span> <span class='ocrx_word' id='word_1_1058' title='bbox 1272 4689 1346 4739; x_wconf 89' lang='lat' dir='ltr'><strong>Thes.</strong></span> <span class='ocrx_word' id='word_1_1059' title='bbox 1361 4689 1445 4752; x_wconf 62' lang='lat' dir='ltr'><strong>Strepit.</strong></span> <span class='ocrx_word' id='word_1_1060' title='bbox 1460 4702 1508 4737; x_wconf 89' lang='lat' dir='ltr'><strong>non</strong></span> <span class='ocrx_word' id='word_1_1061' title='bbox 1521 4688 1618 4737; x_wconf 74' lang='lat' dir='ltr'><strong>ritlctnr</strong></span> <span class='ocrx_word' id='word_1_1062' title='bbox 1631 4692 1698 4737; x_wconf 80' lang='lat' dir='ltr'><strong>antra</strong></span> <span class='ocrx_word' id='word_1_1063' title='bbox 1713 4686 1762 4735; x_wconf 43' lang='lat' dir='ltr'><strong>dus</strong></span> 
     </span>
     <span class='ocr_line' id='line_1_64' title="bbox 152 4755 1766 4834; baseline -0.009 -16"><span class='ocrx_word' id='word_1_1064' title='bbox 152 4770 197 4832; x_wconf 86' lang='grc' dir='ltr'><strong>ούχ</strong></span> <span class='ocrx_word' id='word_1_1065' title='bbox 216 4770 264 4833; x_wconf 79' lang='lat' dir='ltr'><strong>tri,</strong></span> <span class='ocrx_word' id='word_1_1066' title='bbox 281 4781 383 4834; x_wconf 88' lang='lat' dir='ltr'><strong>prorsas</strong></span> <span class='ocrx_word' id='word_1_1067' title='bbox 397 4768 515 4831; x_wconf 85' lang='lat' dir='ltr'><strong>rejectum</strong></span> <span class='ocrx_word' id='word_1_1068' title='bbox 535 4765 566 4816; x_wconf 90' lang='lat' dir='ltr'><strong>ab</strong></span> <span class='ocrx_word' id='word_1_1069' title='bbox 584 4768 728 4816; x_wconf 81' lang='lat' dir='ltr'><strong>Hermanno.</strong></span> <span class='ocrx_word' id='word_1_1070' title='bbox 744 4765 856 4832; x_wconf 87' lang='lat' dir='ltr'><strong>Denique</strong></span> <span class='ocrx_word' id='word_1_1071' title='bbox 872 4773 936 4823; x_wconf 66' lang='lat' dir='ltr'><strong>litic-</strong></span> <span class='ocrx_word' id='word_1_1072' title='bbox 982 4764 1124 4815; x_wconf 87' lang='lat' dir='ltr'><strong>bitationem</strong></span> <span class='ocrx_word' id='word_1_1073' title='bbox 1137 4761 1217 4826; x_wconf 68' lang='lat' dir='ltr'><strong>pinsita</strong></span> <span class='ocrx_word' id='word_1_1074' title='bbox 1228 4773 1291 4810; x_wconf 83' lang='lat' dir='ltr'><strong>esse.</strong></span> <span class='ocrx_word' id='word_1_1075' title='bbox 1306 4760 1389 4810; x_wconf 78' lang='lat' dir='ltr'><strong>nuiss.</strong></span> <span class='ocrx_word' id='word_1_1076' title='bbox 1404 4761 1488 4820; x_wconf 73' lang='lat' dir='ltr'><strong>natue</strong></span> <span class='ocrx_word' id='word_1_1077' title='bbox 1502 4756 1629 4806; x_wconf 75' lang='lat' dir='ltr'><strong>diuinatio.</strong></span> <span class='ocrx_word' id='word_1_1078' title='bbox 1640 4755 1766 4817; x_wconf 81' lang='lat' dir='ltr'><strong>accipitur</strong></span> 
     </span>
     <span class='ocr_line' id='line_1_65' title="bbox 153 4824 1765 4905; baseline -0.01 -16"><span class='ocrx_word' id='word_1_1079' title='bbox 153 4840 224 4890; x_wconf 87' lang='lat' dir='ltr'><strong>herus</strong></span> <span class='ocrx_word' id='word_1_1080' title='bbox 240 4855 247 4887; x_wconf 76' lang='grc' dir='ltr'><strong>τ</strong></span> <span class='ocrx_word' id='word_1_1081' title='bbox 270 4860 283 4884; x_wconf 78' lang='grc' dir='ltr'><strong>τ</strong></span> <span class='ocrx_word' id='word_1_1082' title='bbox 293 4839 391 4890; x_wconf 80' lang='lat' dir='ltr'><strong>codids</strong></span> <span class='ocrx_word' id='word_1_1083' title='bbox 406 4838 526 4901; x_wconf 88' lang='lat' dir='ltr'><strong>scriptura</strong></span> <span class='ocrx_word' id='word_1_1084' title='bbox 544 4839 603 4886; x_wconf 77' lang='lat' dir='ltr'><strong>tatii</strong></span> <span class='ocrx_word' id='word_1_1085' title='bbox 621 4836 724 4885; x_wconf 84' lang='lat' dir='ltr'><strong>tortasse</strong></span> <span class='ocrx_word' id='word_1_1086' title='bbox 749 4850 796 4888; x_wconf 84' lang='lat' dir='ltr'><strong>nort</strong></span> <span class='ocrx_word' id='word_1_1087' title='bbox 819 4840 940 4901; x_wconf 70' lang='lat' dir='ltr'><strong>mutandi</strong></span> <span class='ocrx_word' id='word_1_1088' title='bbox 983 4850 1028 4900; x_wconf 71' lang='lat' dir='ltr'><strong>prro</strong></span> <span class='ocrx_word' id='word_1_1089' title='bbox 1038 4836 1152 4900; x_wconf 71' lang='grc' dir='ltr'>βάκηλος,</span> <span class='ocrx_word' id='word_1_1090' title='bbox 1167 4829 1314 4891; x_wconf 81' lang='lat' dir='ltr'><strong>crrrruehus,</strong></span> <span class='ocrx_word' id='word_1_1091' title='bbox 1327 4833 1356 4880; x_wconf 92' lang='lat' dir='ltr'><strong>nt</strong></span> <span class='ocrx_word' id='word_1_1092' title='bbox 1368 4830 1429 4893; x_wconf 76' lang='grc' dir='ltr'>ξτρύτ</span> <span class='ocrx_word' id='word_1_1093' title='bbox 1442 4827 1532 4878; x_wconf 91' lang='lat' dir='ltr'><strong>dicitur</strong></span> <span class='ocrx_word' id='word_1_1094' title='bbox 1544 4840 1588 4890; x_wconf 85' lang='grc' dir='ltr'><strong>μτο</strong></span> <span class='ocrx_word' id='word_1_1095' title='bbox 1601 4826 1666 4905; x_wconf 63' lang='grc' dir='ltr'>ξηρός</span> <span class='ocrx_word' id='word_1_1096' title='bbox 1676 4828 1701 4875; x_wconf 85' lang='lat' dir='ltr'><strong>et</strong></span> <span class='ocrx_word' id='word_1_1097' title='bbox 1716 4824 1765 4874; x_wconf 88' lang='lat' dir='ltr'><strong>alia</strong></span> 
     </span>
     <span class='ocr_line' id='line_1_66' title="bbox 152 4895 1755 4985; baseline -0.011 -25"><span class='ocrx_word' id='word_1_1098' title='bbox 152 4914 203 4966; x_wconf 87' lang='lat' dir='ltr'><strong>est,</strong></span> <span class='ocrx_word' id='word_1_1099' title='bbox 217 4925 295 4974; x_wconf 81' lang='grc' dir='ltr'>νμιυιπ</span> <span class='ocrx_word' id='word_1_1100' title='bbox 318 4909 430 4962; x_wconf 79' lang='lat' dir='ltr'><strong>Pleiades</strong></span> <span class='ocrx_word' id='word_1_1101' title='bbox 451 4907 550 4971; x_wconf 77' lang='lat' dir='ltr'><strong>tragicas</strong></span> <span class='ocrx_word' id='word_1_1102' title='bbox 569 4905 648 4971; x_wconf 86' lang='lat' dir='ltr'><strong>poetis</strong></span> <span class='ocrx_word' id='word_1_1103' title='bbox 670 4915 845 4973; x_wconf 58' lang='grc' dir='ltr'>σπποτοοτκιρφ</span> <span class='ocrx_word' id='word_1_1104' title='bbox 867 4914 944 4985; x_wconf 58' lang='lat' dir='ltr'><strong>fuerit</strong></span> <span class='ocrx_word' id='word_1_1105' title='bbox 986 4910 1105 4975; x_wconf 66' lang='lat' dir='ltr'><strong>quatiam,</strong></span> <span class='ocrx_word' id='word_1_1106' title='bbox 1121 4925 1134 4949; x_wconf 78' lang='grc' dir='ltr'><strong>ν</strong></span> <span class='ocrx_word' id='word_1_1107' title='bbox 1150 4903 1217 4955; x_wconf 86' lang='lat' dir='ltr'><strong>idem</strong></span> <span class='ocrx_word' id='word_1_1108' title='bbox 1231 4901 1303 4952; x_wconf 88' lang='lat' dir='ltr'><strong>blein.</strong></span> <span class='ocrx_word' id='word_1_1109' title='bbox 1317 4901 1414 4964; x_wconf 87' lang='lat' dir='ltr'><strong>scripsit</strong></span> <span class='ocrx_word' id='word_1_1110' title='bbox 1426 4900 1454 4959; x_wconf 76' lang='grc' dir='ltr'><strong>ἧς</strong></span> <span class='ocrx_word' id='word_1_1111' title='bbox 1467 4916 1500 4955; x_wconf 75' lang='grc' dir='ltr'><strong>τις</strong></span> <span class='ocrx_word' id='word_1_1112' title='bbox 1512 4902 1552 4955; x_wconf 82' lang='grc' dir='ltr'><strong>αν,</strong></span> <span class='ocrx_word' id='word_1_1113' title='bbox 1563 4895 1606 4945; x_wconf 90' lang='lat' dir='ltr'><strong>scd</strong></span> <span class='ocrx_word' id='word_1_1114' title='bbox 1622 4908 1700 4958; x_wconf 81' lang='lat' dir='ltr'><strong>prima</strong></span> <span class='ocrx_word' id='word_1_1115' title='bbox 1711 4907 1755 4957; x_wconf 88' lang='lat' dir='ltr'><strong>per</strong></span> 
     </span>
     <span class='ocr_line' id='line_1_67' title="bbox 152 4964 1768 5069; baseline -0.011 -39"><span class='ocrx_word' id='word_1_1116' title='bbox 152 4982 287 5033; x_wconf 86' lang='lat' dir='ltr'><strong>Sositheus.</strong></span> <span class='ocrx_word' id='word_1_1117' title='bbox 302 4982 350 5039; x_wconf 85' lang='lat' dir='ltr'><strong>Qui</strong></span> <span class='ocrx_word' id='word_1_1118' title='bbox 360 4995 438 5045; x_wconf 88' lang='lat' dir='ltr'><strong>quum</strong></span> <span class='ocrx_word' id='word_1_1119' title='bbox 451 4983 545 5044; x_wconf 87' lang='lat' dir='ltr'><strong>septem</strong></span> <span class='ocrx_word' id='word_1_1120' title='bbox 563 4990 665 5027; x_wconf 88' lang='lat' dir='ltr'><strong>numero</strong></span> <span class='ocrx_word' id='word_1_1121' title='bbox 680 4977 776 5041; x_wconf 85' lang='lat' dir='ltr'><strong>tuerint,</strong></span> <span class='ocrx_word' id='word_1_1122' title='bbox 794 4997 869 5069; x_wconf 46' lang='grc' dir='ltr'>φωνὴ.</span> <span class='ocrx_word' id='word_1_1123' title='bbox 887 5007 945 5058; x_wconf 55' lang='lat' dir='ltr'><strong>ma.</strong></span> <span class='ocrx_word' id='word_1_1124' title='bbox 989 4992 1047 5032; x_wconf 80' lang='lat' dir='ltr'><strong>sona</strong></span> <span class='ocrx_word' id='word_1_1125' title='bbox 1060 4980 1085 5029; x_wconf 88' lang='lat' dir='ltr'><strong>in</strong></span> <span class='ocrx_word' id='word_1_1126' title='bbox 1096 4974 1183 5027; x_wconf 73' lang='lat' dir='ltr'><strong>norica</strong></span> <span class='ocrx_word' id='word_1_1127' title='bbox 1196 4972 1301 5023; x_wconf 88' lang='lat' dir='ltr'><strong>dialecto</strong></span> <span class='ocrx_word' id='word_1_1128' title='bbox 1312 4974 1351 5021; x_wconf 88' lang='lat' dir='ltr'><strong>est</strong></span> <span class='ocrx_word' id='word_1_1129' title='bbox 1362 4971 1400 5031; x_wconf 81' lang='grc' dir='ltr'><strong>ήν,</strong></span> <span class='ocrx_word' id='word_1_1130' title='bbox 1414 4983 1463 5019; x_wconf 90' lang='lat' dir='ltr'><strong>non</strong></span> <span class='ocrx_word' id='word_1_1131' title='bbox 1477 4969 1613 5047; x_wconf 33' lang='lat' dir='ltr'><strong>ire-Quare</strong></span> <span class='ocrx_word' id='word_1_1132' title='bbox 1627 4964 1768 5046; x_wconf 67' lang='lat' dir='ltr'><strong>meandum</strong></span> 
     </span>
     <span class='ocr_line' id='line_1_68' title="bbox 152 5016 1772 5178; baseline -0.015 -78"><span class='ocrx_word' id='word_1_1133' title='bbox 152 5049 194 5100; x_wconf 84' lang='lat' dir='ltr'><strong>ltin</strong></span> <span class='ocrx_word' id='word_1_1134' title='bbox 212 5068 219 5100; x_wconf 76' lang='lat' dir='ltr'><strong>s</strong></span> <span class='ocrx_word' id='word_1_1135' title='bbox 234 5053 375 5114; x_wconf 66' lang='lat' dir='ltr'><strong>inundaturas</strong></span> <span class='ocrx_word' id='word_1_1136' title='bbox 401 5054 501 5116; x_wconf 78' lang='grc' dir='ltr'>ἄστρων.</span> <span class='ocrx_word' id='word_1_1137' title='bbox 516 5052 605 5115; x_wconf 80' lang='lat' dir='ltr'><strong>Eorum</strong></span> <span class='ocrx_word' id='word_1_1138' title='bbox 624 5048 717 5100; x_wconf 79' lang='lat' dir='ltr'><strong>dicendi</strong></span> <span class='ocrx_word' id='word_1_1139' title='bbox 735 5046 808 5110; x_wconf 65' lang='grc' dir='ltr'>τύῖςρ.</span> <span class='ocrx_word' id='word_1_1140' title='bbox 825 5016 950 5167; x_wconf 42' lang='lat' dir='ltr'><strong>³³³³&amp;OE</strong></span> <span class='ocrx_word' id='word_1_1141' title='bbox 970 5122 979 5178; x_wconf 65' lang='lat'>³</span> <span class='ocrx_word' id='word_1_1142' title='bbox 993 5049 1107 5105; x_wconf 70' lang='lat' dir='ltr'><strong>codicem</strong></span> <span class='ocrx_word' id='word_1_1143' title='bbox 1123 5045 1172 5108; x_wconf 62' lang='lat' dir='ltr'><strong>(aa)</strong></span> <span class='ocrx_word' id='word_1_1144' title='bbox 1190 5042 1245 5094; x_wconf 81' lang='lat' dir='ltr'><strong>(letti</strong></span> <span class='ocrx_word' id='word_1_1145' title='bbox 1259 5043 1291 5099; x_wconf 75' lang='lat' dir='ltr'><strong>att</strong></span> <span class='ocrx_word' id='word_1_1146' title='bbox 1302 5059 1351 5103; x_wconf 77' lang='grc' dir='ltr'>τις,</span> <span class='ocrx_word' id='word_1_1147' title='bbox 1370 5045 1425 5105; x_wconf 79' lang='lat' dir='ltr'><strong>epte</strong></span> <span class='ocrx_word' id='word_1_1148' title='bbox 1441 5039 1579 5102; x_wconf 80' lang='lat' dir='ltr'><strong>appasrtum</strong></span> <span class='ocrx_word' id='word_1_1149' title='bbox 1599 5034 1672 5084; x_wconf 83' lang='lat' dir='ltr'><strong>nobtlt</strong></span> <span class='ocrx_word' id='word_1_1150' title='bbox 1684 5036 1772 5098; x_wconf 61' lang='lat' dir='ltr'><strong>{tinette⁴</strong></span> 
     </span>
    </p>
   </div>
   <div class='ocr_carea' id='block_1_3' title="bbox 153 5103 1770 5218">
    <p class='ocr_par' dir='ltr' id='par_1_7' title="bbox 153 5103 1770 5218">
     <span class='ocr_line' id='line_1_69' title="bbox 153 5103 1770 5218; baseline -0.015 -41"><span class='ocrx_word' id='word_1_1151' title='bbox 153 5120 227 5177; x_wconf 71' lang='lat' dir='ltr'><strong>house</strong></span> <span class='ocrx_word' id='word_1_1152' title='bbox 238 5124 341 5186; x_wconf 88' lang='lat' dir='ltr'><strong>ridetur,</strong></span> <span class='ocrx_word' id='word_1_1153' title='bbox 354 5138 429 5188; x_wconf 89' lang='lat' dir='ltr'><strong>quem</strong></span> <span class='ocrx_word' id='word_1_1154' title='bbox 446 5136 488 5175; x_wconf 90' lang='lat' dir='ltr'><strong>ore</strong></span> <span class='ocrx_word' id='word_1_1155' title='bbox 501 5122 575 5174; x_wconf 86' lang='lat' dir='ltr'><strong>altius</strong></span> <span class='ocrx_word' id='word_1_1156' title='bbox 588 5124 689 5173; x_wconf 87' lang='lat' dir='ltr'><strong>sonante</strong></span> <span class='ocrx_word' id='word_1_1157' title='bbox 701 5104 821 5218; x_wconf 41' lang='lat' dir='ltr'><strong>permut}</strong></span> <span class='ocrx_word' id='word_1_1158' title='bbox 998 5122 1092 5188; x_wconf 67' lang='lat' dir='ltr'><strong>uirique</strong></span> <span class='ocrx_word' id='word_1_1159' title='bbox 1102 5119 1217 5185; x_wconf 80' lang='lat' dir='ltr'><strong>spatam</strong></span> <span class='ocrx_word' id='word_1_1160' title='bbox 1225 5152 1231 5179; x_wconf 85' lang='lat'><strong>,</strong></span> <span class='ocrx_word' id='word_1_1161' title='bbox 1239 5115 1288 5172; x_wconf 76' lang='lat' dir='ltr'><strong>etit</strong></span> <span class='ocrx_word' id='word_1_1162' title='bbox 1299 5113 1427 5176; x_wconf 78' lang='grc' dir='ltr'>μακίτας</span> <span class='ocrx_word' id='word_1_1163' title='bbox 1435 5146 1442 5171; x_wconf 91' lang='grc'>,</span> <span class='ocrx_word' id='word_1_1164' title='bbox 1451 5117 1481 5161; x_wconf 79' lang='grc' dir='ltr'><strong>οι</strong></span> <span class='ocrx_word' id='word_1_1165' title='bbox 1490 5106 1615 5159; x_wconf 78' lang='lat' dir='ltr'><strong>Calllteno</strong></span> <span class='ocrx_word' id='word_1_1166' title='bbox 1624 5118 1662 5169; x_wconf 88' lang='lat' dir='ltr'><strong>ap.</strong></span> <span class='ocrx_word' id='word_1_1167' title='bbox 1676 5103 1770 5156; x_wconf 78' lang='lat' dir='ltr'><strong>athen..</strong></span> 
     </span>
    </p>
   </div>
   <div class='ocr_carea' id='block_1_4' title="bbox 823 5172 936 5276">
    <p class='ocr_par' dir='ltr' id='par_1_8' title="bbox 823 5172 936 5276">
     <span class='ocr_line' id='line_1_70' title="bbox 823 5172 936 5276; baseline 0 -20"><span class='ocrx_word' id='word_1_1168' title='bbox 823 5172 936 5276; x_wconf 53' lang='lat' dir='ltr'><strong>litii5⁸</strong></span> 
     </span>
    </p>
   </div>
   <div class='ocr_carea' id='block_1_5' title="bbox 0 0 1989 6162">
    <p class='ocr_par' dir='ltr' id='par_1_9' title="bbox 0 0 1989 6162">
     <span class='ocr_line' id='line_1_71' title="bbox 0 0 1989 6162; baseline 0 0"><span class='ocrx_word' id='word_1_1169' title='bbox 0 0 1989 6162; x_wconf 95' lang='lat' dir='ltr'><strong> </strong></span> 
     </span>
    </p>
   </div>
  </div>
 </body>
</html>
