3986 5950
588 314 712 376 CAPUT
731 314 782 374 Vl.
804 311 1085 376 herebannum
1105 310 1371 372 brentonicum.

213 452 259 513 καὶ
272 450 369 511 κανόνα
383 452 510 529 γραμμῆς
523 446 646 529 ίθυπόρου
662 444 770 525 ταμίην,

113 560 143 617 ,ι
173 543 219 603 καὶ
230 540 334 621 χρόνιον
343 541 482 617 γλυττοῖσι
494 535 577 612 μέλαν
589 532 788 616 πεφυλαγμένον
802 531 918 614 ἄντροις,

215 629 261 690 καί
275 626 399 708 γλυφίδας
412 626 540 703 καλάμων
555 623 623 703 άκρα
638 621 842 700 μελαινομένων,

175 718 290 799 Ερμείῃ
304 716 473 793 Φιλόδημος,
490 712 546 774 ἐπεὶ
560 711 647 793 χρόνῳ
661 710 767 791 ἐκκρεἱ
738 733 849 787 μεςη
797 708 849 783 ἤδη

217 801 280 880 ἦλθε
294 809 353 866 κατ’
367 806 537 885 ὀφθαλμῶν
526 802 602 882 ρυσόν
616 798 775 861 ἐπισκύνιον.

446 947 492 998 66.
512 948 573 995 ΤΟΥ
588 947 696 994 ΑΥΤΟΥ.

176 1082 233 1145 'rto
246 1077 388 1160 τροχόεντα
401 1073 536 1151 μόλιόδον,
546 1071 600 1140 ὅς’
585 1095 634 1152 ατρ
636 1070 703 1130 απδν
714 1060 754 1130 οἶδ
740 1071 767 1128 δε
777 1067 922 1148 χαράσσειν

219 1166 284 1248 spol
298 1188 336 1224 πα
340 1162 440 1244 ραξόων
456 1166 557 1234 ίθυτενῆ
573 1161 689 1236 κανόνα,

178 1257 225 1318 καί
238 1187 353 1336 χάλυθαρ
361 1251 474 1331 σκλημδν
485 1250 689 1329 καλαμηιράγον,
704 1245 773 1306 tilla
786 1267 831 1303 και
821 1242 923 1304 αιἰτδν

220 1343 337 1424 ἡγεμόνα
351 1344 478 1422 γραμμῆς
493 1339 623 1406 άπλανίος
637 1336 750 1410 κανόνα,

73 1508 76 1513 ,
134 1433 226 1498 οκαί
240 1430 473 1509 λίθονθκριοιντα
490 1426 566 1495 δόναξ
580 1424 826 1487 instrumentum
896 1478 912 1497 5

222 1519 331 1601 elysseu
346 1516 504 1597 άμόλυνθιὶς
517 1518 548 1575 ἐκ
559 1515 773 1595 δολιχογραρίης,

181 1631 228 1668 και
217 1606 335 1687 βυθίην
350 1605 483 1684 Τρίτωνος
494 1604 683 1683 ἁλιπλάγκτοιο
696 1600 842 1682 χαμιόνην,

223 1696 348 1775 σπόγγον,
361 1698 455 1755 ἀκιοτο
458 1692 514 1774 ρίην
529 1690 696 1768 πλαζομενης
707 1688 845 1799 γραρίδρς,

183 1810 230 1845 και
218 1785 333 1856 κίστην
348 1782 478 1843 πολόωπα
493 1780 663 1857 μελανδόκον,
678 1781 714 1837 clu
727 1777 765 1836 ἑνί
778 1775 863 1834 πάντα

124 1892 154 1934 10
227 1877 288 1954 ιῦγρ
290 1873 367 1953 αφίος
385 1870 479 1952 τέχνης
494 1869 591 1950 όργανα
605 1868 741 1947 ῥυομένην,

185 1964 276 2045 Ἱρμῇ
293 1959 475 2038 Καλλιμίνης,
487 1957 639 2038 τρομτρῆν
630 1957 741 2034 υπογήρ
728 1978 788 2033 ραος
799 1952 867 2041 όκνιρ

225 2055 302 2132 χεῖρα
316 2055 383 2110 καθα
386 2049 486 2129 ρμόζων
502 2048 531 2105 in
546 2047 657 2125 δολιχῶν
671 2043 808 2120 καμάτων.

452 2191 497 2243 66.
517 2193 579 2238 ΤΟΥ
595 2191 702 2237 ΑΥΤΟΥ.

185 2313 371 2484 Ἄόροχονρζ
329 2311 457 2378 θπλανόος
472 2309 580 2387 μόλιθον
596 2311 718 2388 γραπτῆρ
705 2330 736 2386 ρα
751 2304 889 2375 κτλιόθου,

270 2402 316 2462 ἔπι
347 2426 355 2459 ι
356 2405 447 2469 ουται
461 2421 493 2478 γ
495 2400 665 2476 άμματοςρ
632 2397 649 2455 δ
652 2394 758 2476 ρμονίη,

187 2491 232 2552 καί
247 2488 348 2551 κανόνα
362 2488 503 2568 τροχαλοῖο
516 2486 699 2564 κυόερνητῆρα
715 2479 857 2559 μολίθδου,

227 2580 273 2639 καί
288 2577 385 2638 λίθακα
398 2573 497 2654 τρητὴν
512 2574 620 2652 σπόγγοι
635 2568 793 2649 ἐειδομίνην,

145 2690 162 2730 ι
188 2665 234 2726 καί
246 2665 362 2778 μίλανος
375 2668 511 2742 σταθεροίο
524 2658 639 2741 δοχήῖὸν,
653 2660 722 2720 άλλδ
737 2656 823 2717 καθ’
794 2657 878 2714 αυτῶν

230 2755 293 2833 ιῦγρ
279 2752 380 2833 ραρίων
395 2751 523 2827 καλάμων
536 2748 693 2829 ἅκροδαρεῖς
708 2745 816 2817 ἀκίδας,

190 2842 318 2921 σπόγγον,
328 2840 389 2906 ἁλὸς
403 2838 563 2918 βλάστημα,
576 2839 657 2915 χυτῆς
667 2835 785 2910 λειμῶνα
800 2826 944 2897 θαλάσσης,

223 2927 277 2990 καί
290 2928 389 3009 χαλκὸν
404 2926 519 2986 δονάκων
535 2925 646 2984 τέκτονα
660 2919 822 2991 λεπταλέων,

192 3019 282 3080 ἐνθάδε
298 3013 468 3095 Καλλιμάνης
481 3014 657 3123 ριλομιιδέριν
667 3011 760 3072 ἄνθετο
775 3004 913 3081 Μυόσαις,

136 3125 166 3167 to
232 3107 314 3187 γήραϊ
326 3101 449 3182 κικμηὼς
463 3101 573 3180 όμματα
585 3123 632 3160 και
621 3097 783 3174 παλάμην.

194 3266 244 3318 67.
276 3253 489 3316 ΙΟΥΛΙΑΝΟΥ
527 3251 609 3310 ‚llio
647 3243 829 3309 rnanuN
868 3239 976 3301 ΑΙΓΥ-

526 3340 580 3399 ΠΤ
582 3338 661 3397 ΙΟΥ.γ

195 3479 328 3549 Ἀκλινίας
342 3478 510 3558 γραρίδισαιν
526 3472 684 3533 άπιθόνοντα
699 3468 804 3549 πορείας

1036 452 1062 504 et
1073 450 1183 516 regum
1196 449 1267 503 hneae
1277 451 1353 501 recta
1361 448 1522 509 curatrioenr,

1006 542 1032 593 et
1042 540 1085 592 diu
1094 542 1219 592 serratum
1229 540 1255 590 in
1263 538 1386 590 excavatis
1396 538 1560 589 atramentum
1571 536 1661 597 antris,

1037 631 1063 680 et
1076 642 1160 680 nenas
1173 628 1323 680 calamorum
1333 627 1465 678 inaumrno
1476 625 1639 689 nigratomm,

1006 718 1128 770 Mercurio
1147 716 1307 768 Philodemus
1322 715 1471 776 dedicood,
1481 713 1597 777 quoniam
1614 716 1723 775 temporo
1738 711 1793 775 jam

1038 807 1064 857 ln
1078 806 1164 856 oculos
1181 804 1307 856 descendit
1320 816 1438 868 mgosum
1452 800 1615 865 supercilium.
1633 854 1636 858 Α
1674 798 1792 865 [pendens

1282 950 1327 993 nb.
1349 950 1498 993 BJUSDEM.

958 1143 963 1152 ,
1008 1094 1151 1145 Rotundum
1162 1092 1303 1157 plumbum,
1315 1090 1384 1154 quod
1393 1090 1459 1139 nam
1472 1089 1517 1139 scit
1530 1086 1637 1137 meldam

1039 1179 1203 1233 recantamus
1216 1179 1333 1230 dimotum
1347 1178 1471 1243 regulam,

1009 1270 1035 1321 et
1045 1268 1173 1333 chalybem
1183 1267 1275 1318 durum
1285 1264 1525 1317 calunosrodentem
1535 1301 1542 1325 ,
1557 1261 1602 1313 sed
1611 1262 1637 1311 et
1650 1260 1727 1325 ipsam

1040 1358 1130 1409 ducem
1140 1356 1213 1407 husae
1222 1354 1413 1405 nonaberranh's
1421 1353 1543 1416 regulam,

1011 1448 1036 1496 et
1044 1444 1150 1509 lapidem
1160 1456 1289 1508 asperum,
1300 1440 1395 1492 arundo
1409 1440 1452 1490 ubi
1464 1439 1587 1503 duplicem
1597 1437 1696 1488 dentem

1041 1530 1192 1584 suum-acuit
1205 1529 1319 1581 hebetata
1331 1541 1363 1578 er
1373 1525 1587 1591 longa-aniptura,

1012 1623 1037 1672 et
1048 1619 1199 1685 profundum
1207 1616 1313 1668 Tritonis
1326 1606 1557 1678 marepe'rragantia
1566 1611 1658 1669 cubile,

1043 1704 1329 1773 spongiam,remedlum
1338 1702 1533 1754 errorelabentis
1543 1700 1607 1757 stili,

1013 1799 1039 1848 et
1051 1796 1137 1846 cistam
1147 1792 1299 1844 multisonam
1309 1786 1608 1851 atramentomcipiendo‚
1619 1786 1644 1834 in
1653 1798 1702 1835 uuo
1713 1783 1796 1833 omnia

1043 1881 1244 1935 bonesoribentis
1256 1879 1317 1930 artis
1326 1878 1491 1928 instrumenta
1504 1875 1656 1933 servantem,

1014 1972 1135 2024 Mercurio
1145 1965 1447 2024 cathmenesdedr'coolt,
1456 1960 1586 2013 tremulam
1594 1956 1796 2008 aseneotnteotio

1045 2073 1146 2110 manum
1158 2069 1278 2121 reponens
1293 2056 1351 2118 post
1362 2053 1448 2116 longos
1458 2049 1562 2100 labores.

1296 2188 1335 2233 bd.
1358 2189 1507 2232 athanasi.

1017 2316 1184 2380 Nou-rigatum
1192 2308 1405 2364 haudnberrantis
1412 2305 1542 2370 plumbum
1550 2302 1724 2353 delineatorem
1736 2301 1799 2361 vice,

1048 2405 1074 2454 iu
1088 2416 1138 2466 qua
1152 2394 1398 2451 otradiceiundatur
1412 2392 1540 2454 scripturas
1552 2389 1719 2454 nquabilitas,

1018 2496 1044 2545 et
1052 2491 1162 2556 regulam
1176 2486 1275 2539 mtuudi
1287 2481 1480 2550 gubematricem
1492 2479 1599 2544 plumbi,

1050 2584 1075 2632 et
1089 2577 1194 2643 lapidem
1206 2574 1358 2640 perforatum
1369 2569 1476 2635 spongia
1488 2568 1607 2627 shnilem

987 2676 990 2682 '
1019 2661 1364 2734 etnigrodinispermanentis
1372 2658 1568 2722 receptaculum
1578 2655 1778 2717 imoetipsorum

1049 2753 1282 2808 benescrihentrum
1290 2743 1739 2807 calamorumacioseupemetinctas,

1018 2845 1159 2911 spongiam,
1168 2838 1400 2904 marisprogeniem,
1410 2834 1498 2898 liquidi
1506 2829 1698 2897 pontipmtum,

1051 2937 1134 2995 etas,
1144 2928 1291 2982 arundinum
1301 2922 1553 2983 mtidoemtenuium,

1021 3005 1757 3075 hiccallimeneslihenteraubridentibusdedicaritblusis,
1802 3030 1804 3035 .

1051 3104 1180 3163 seneetute
1192 3107 1272 3158 lessus
1282 3103 1362 3155 oculis
1374 3104 1399 3152 et
1410 3085 1499 3165 pdma.

1147 3250 1185 3297 di.
1204 3245 1327 3295 JULith
1341 3243 1381 3291 EX
1397 3237 1576 3289 PRAEFECTIS
1592 3236 1678 3283 AEGY·

1378 3330 1448 3377 PTIl.

1024 3464 1237 3518 Nondeclinantes
1248 3458 1309 3509 stilis
1321 3457 1426 3519 dirigens
1438 3455 1491 3502 uias

200 3571 1808 3627 ,--,,-,,.....--------

195 3697 227 3744 Et
238 3693 313 3744 latum
325 3691 452 3757 chalybem
463 3706 505 3756 qur
498 3690 587 3739 d'onat
598 3686 708 3737 acumine
722 3698 832 3738 munem,

230 3781 260 3827 Et
274 3792 327 3843 quar
342 3776 440 3825 lineolae
449 3774 547 3838 regma
538 3782 601 3839 justa
615 3771 694 3835 regit,

196 3860 227 3909 Et
239 3867 343 3908 veterem
352 3856 446 3921 nigrum
455 3855 550 3905 laticem
561 3868 632 3920 quem
642 3840 750 3917 sculpta
746 3863 848 3899 caverna

230 3940 342 4001 occulit,
357 3949 382 3989 et
392 3936 556 4003 calamiquem
568 3936 633 3985 bibit
645 3950 714 3999 asper
723 3948 802 3998 apex,

199 4024 322 4075 Mercurio
334 4024 408 4074 donat
417 4020 578 4077 Philodemus,
595 4019 635 4069 eui
646 4017 723 4083 gratis
739 4025 794 4065 ctas

232 4109 327 4170 lingona·
338 4105 397 4155 terit
407 4102 499 4153 luminu
511 4100 632 4168 pellicula.

505 4231 547 4281 65.
571 4245 688 4277 rsusursr.

201 4361 343 4413 orbiculum
356 4359 449 4427 plumbi
461 4360 502 4425 qui
515 4359 598 4408 rudere
612 4357 679 4407 rrorit
690 4355 814 4414 amussim,

234 4449 266 4496 Et
278 4454 368 4495 rectam
379 4443 452 4511 erepit
461 4458 533 4509 quam
544 4442 617 4491 semel
632 4440 752 4497 ironiam,

200 4528 232 4578 m
239 4527 326 4576 durum
340 4523 466 4590 chalybem
479 4537 528 4587 quo
539 4536 615 4570 canna
629 4528 736 4577 roratur,
750 4514 835 4565 amausi

235 4610 296 4659 Cum
305 4607 375 4668 duce,
388 4621 460 4672 quarn
473 4603 559 4669 gaudet
573 4603 644 4651 litera
657 4601 727 4649 ducta
737 4598 818 4663 sequi,

202 4692 233 4740 Et
243 4703 332 4739 aarum
343 4687 463 4754 lapidem,
475 4684 581 4750 geminos
592 4683 698 4748 spicatur
709 4680 801 4729 arundo

236 4776 291 4836 Quo
302 4771 394 4830 dentes,
407 4768 493 4820 hebuit
504 4767 523 4816 si
533 4781 580 4832 qua
589 4764 694 4814 notando
706 4763 760 4819 diu,
786 4790 791 4797 ·

203 4856 311 4921 Quasque
325 4853 405 4903 cubile
414 4851 460 4901 iuit
473 4848 579 4899 Trbouis
593 4846 689 4913 spongia
700 4861 800 4906 sonuum,

238 4942 294 4989 Non
305 4938 367 4989 bene
378 4936 467 5002 scripta
478 4950 520 4983 sua
536 4933 577 4999 qui
587 4931 718 4981 medicatur
727 4947 785 4996 ope,

204 5022 403 5088 Multiioremque
417 5034 496 5069 arcum
508 5034 561 5083 quar
570 5031 624 5067 eum
638 5014 734 5079 iuligine
744 5023 832 5074 totum,

239 5106 297 5167 Quo
307 5103 435 5171 pulchrum
446 5100 553 5152 scribens
562 5098 661 5163 indiget,
677 5096 741 5145 initus
753 5095 838 5153 babet,

1024 3678 1071 3723 Dat
1083 3670 1128 3721 tibi
1140 3667 1298 3728 canimenos,
1308 3663 1378 3728 Majne
1388 3675 1458 3726 puer,
1470 3656 1519 3706 otia
1528 3665 1653 3723 postquam

1056 3751 1158 3819 Accepit
1168 3747 1234 3799 senio
1246 3748 1295 3813 jam
1310 3740 1467 3794 tremebunda
1479 3754 1571 3788 manus.

1334 3875 1376 3923 66.
1397 3886 1509 3920 sausoure.

1026 4006 1132 4067 Siccum,
1149 4016 1232 4053 errore
1246 4013 1331 4064 rugans
1342 4011 1390 4062 quo
1401 3993 1482 4058 ligitur
1494 3989 1587 4052 orbita',
1599 3988 1734 4057 plumbum,

1060 4089 1130 4140 Unde
1138 4086 1204 4153 capit
1211 4094 1289 4136 certos
1302 4082 1371 4131 litera
1383 4078 1447 4146 picta
1459 4076 1557 4133 modos,

1027 4176 1134 4236 Quaeque
1145 4167 1206 4232 regit
1213 4163 1306 4232 plumbi
1318 4159 1463 4211 moderatrix
1472 4156 1553 4221 regula
1560 4169 1664 4210 cursum,

1060 4248 1239 4312 Multiiorisque
1249 4244 1315 4294 uelut
1328 4239 1426 4308 spongia
1437 4237 1520 4287 scabra
1534 4236 1602 4296 silex,

1029 4333 1193 4396 Urceolusque
1204 4337 1256 4378 atra
1268 4323 1366 4389 loligine
1377 4322 1476 4390 plenus,
1486 4327 1510 4367 et
1520 4317 1561 4366 illa

1062 4419 1122 4478 Qua
1134 4414 1220 4463 leuiter
1233 4422 1325 4459 summa
1336 4403 1434 4469 cuspide
1443 4417 1519 4451 canna
1531 4398 1625 4459 madet,

1030 4495 1180 4564 Spongieque
1194 4492 1245 4559 ipsu
1254 4487 1329 4537 maris
1342 4483 1456 4534 diilusurn
1468 4482 1559 4547 gurgite
1570 4489 1680 4547 pratum,

1064 4583 1094 4627 m
1102 4575 1172 4626 inber
1180 4571 1270 4638 argutia
1282 4570 1360 4620 culter
1369 4564 1539 4625 arundinibus;
1637 4616 1640 4623 ,

1031 4659 1119 4712 Omnia
1128 4653 1264 4708 callimenis
1277 4652 1332 4700 data
1344 4657 1399 4699 sunt
1410 4647 1499 4714 pietate
1508 4642 1634 4704 Camenis,

1064 4747 1119 4795 Jam
1129 4739 1195 4792 senio
1204 4736 1273 4788 fracti
1291 4731 1502 4798 lumina‚jamque
1511 4743 1604 4777 manus.

1281 4853 1322 4913 67.
1336 4863 1434 4898 suurnnr
1446 4860 1555 4894 morrrrr
1567 4878 1574 4902 ,

1170 4990 1200 5021 ea
1210 4988 1299 5039 genere
1308 4966 1481 5036 proesectorum
1498 4954 1681 5027 Arrgrotoiium.

1033 5095 1086 5141 Hoc
1100 5087 1241 5155 plumbum,
1253 5085 1318 5152 quod
1326 5083 1415 5149 scriptu
1426 5086 1491 5129 uetat
1499 5074 1626 5126 deflectere
1635 5071 1704 5137 justo
