4000 5952
234 405 304 466 xxiv
916 395 1171 457 conatonana.
1370 470 1386 518 ρ

238 542 351 632 βίκχῳ
368 552 403 607 et
419 535 549 631 ἄκρητον
563 538 671 629 νέκταρ
683 529 822 602 acidus
853 534 913 600 ἀπὸ
940 525 1103 601 στολίδων.
1121 531 1199 597 lmo
1219 540 1324 624 poeta
1352 539 1465 595 vestes
1481 524 1573 596 adeo
1589 524 1750 596 madidas
1764 527 1848 596 vino

236 662 356 758 fingit,
391 673 430 729 ut
455 682 564 729 manu
588 655 701 728 sicubi
724 680 782 725 eas
803 655 958 750 tetigerit
983 658 1168 724 Anacreon
1193 650 1378 749 imposita,
1406 650 1622 747 exprimeret
1649 665 1773 720 nectar
1793 650 1849 738 uel

239 783 372 853 laceret
389 797 428 851 ut
449 795 570 851 nectar
585 777 800 868 destillaret,
818 778 920 849 sicuti
937 776 1008 846 mel
1029 774 1183 846 destillat
1201 798 1244 844 ex
1267 773 1380 870 κηρίοις
1398 769 1595 866 θλιὸομένοις.
1620 773 1707 840 Nam
1729 786 1849 869 aperte

238 905 426 1004 respicitur
444 903 505 1000 (de
527 928 600 1000 quo
622 900 893 972 admonendum
915 900 1004 992 erat)
1019 897 1195 969 Thracum
1217 921 1295 966 mos
1310 894 1518 990 singularis,
1540 918 1647 990 quem
1662 894 1718 964 his
1732 894 1848 966 verbis

240 1154 293 1222 καὶ
326 1150 429 1220 κατὰ
458 1162 532 1219 τῶν
567 1152 734 1244 ἱματίων
760 1150 1052 1241 καταχεόμενοι
1084 1148 1178 1215 καλὸν
1200 1145 1254 1213 καὶ
1285 1141 1426 1238 εὔδαιμον
1448 1138 1642 1237 ἐπιτήδευμα
1665 1138 1850 1219 ἐπιτηδεύειν

240 1277 439 1370 νενομίκασιν.
467 1277 507 1342 ln
527 1296 566 1342 re
583 1272 714 1342 Graecis
738 1269 906 1341 omnibus
927 1285 1011 1339 nota
1037 1268 1242 1366 Xenophon
1264 1266 1401 1363 (Anah.
1431 1270 1506 1354 Vll,
1528 1264 1563 1355 3,
1585 1269 1604 1359 §
1627 1264 1720 1362 32);
1743 1275 1759 1334 ὁ
1779 1271 1851 1336 Σιο-

241 1404 292 1478 θης
312 1399 464 1495 συνεξέπιε
488 1397 540 1464 καὶ
567 1388 893 1465 αατεσκεδοίσατο
927 1392 1004 1488 μετὰ
1026 1405 1117 1462 τοῦτο
1137 1396 1173 1461 τὸ
1190 1397 1288 1486 κέρας.
1304 1390 1410 1477 Quod
1429 1391 1478 1459 slc
1502 1388 1657 1488 explicat
1676 1389 1847 1460 Phollus:

241 1527 305 1601 ἔθος
324 1522 360 1597 ἦν
384 1522 513 1617 Θρᾴκιον
528 1524 557 1588 ἐν
578 1529 640 1598 τοῖς
660 1519 836 1611 συμποσίοις
856 1521 924 1604 ἵνα,
950 1522 1027 1585 ὅταν
1041 1519 1136 1586 πίωσι
1150 1530 1205 1585 τοῦ
1216 1518 1296 1584 οίνου
1312 1519 1341 1584 οἱ
1359 1516 1512 1609 συμπόται
1536 1520 1603 1583 ὅσον
1626 1508 1793 1601 δύνανται,
1815 1518 1851 1581 τὸ

240 1650 350 1715 λοιπὸν
369 1659 423 1714 τοῦ
446 1647 527 1714 οἴνου
552 1649 728 1737 καταχέωσι
755 1642 836 1712 κατὰ
858 1654 919 1711 τῶν
954 1643 1084 1736 ἱματίων
1100 1655 1160 1712 τῶν
1182 1652 1360 1737 συμποτῶν·
1385 1646 1456 1734 ὅπερ
1480 1643 1584 1736 ἔλεγον
1601 1636 1852 1709 κατασκεδά-

242 1768 326 1849 ζειν.
343 1767 480 1838 Deinde
498 1782 759 1837 commemorat
777 1766 876 1836 locos
895 1763 1145 1860 Xenophontis
1160 1780 1194 1834 et
1212 1762 1385 1853 Platonis,
1403 1768 1484 1857 leg.
1504 1764 1536 1850 l,
1556 1785 1594 1858 p.
1614 1758 1699 1858 637,
1721 1765 1762 1831 E.

290 1887 458 1984 Ejusdem
481 1888 609 1984 capitis
627 1888 739 1982 epigr.
763 1889 808 1971 42
826 1886 872 1957 de
887 1911 990 1956 versu
1006 1901 1136 1983 quarto
1153 1886 1304 1957 Meinek.
1324 1886 1359 1955 in
1379 1884 1517 1956 Callim.
1536 1909 1574 1982 p.
1594 1888 1714 1953 XXII:
1736 1888 1852 1954 «Non

238 2011 351 2082 credo
372 2011 616 2107 turpissimum
643 2009 783 2079 hiatum
801 2009 984 2080 admisisse
1004 2010 1238 2110 perelegantis
1262 2010 1430 2080 carminis
1453 2023 1656 2098 auctorem,
1681 2009 1745 2106 qui
1769 2011 1856 2081 scri·

243 2137 334 2233 psit,
351 2135 495 2232 opinor,
513 2137 593 2229 ἀμμὶ
613 2135 676 2202 καὶ
695 2135 880 2222 ἀθανάτους,
897 2138 977 2229 ἀμφὶ
996 2136 1060 2204 καὶ
1072 2139 1222 2230 ἡμιθέους.
1240 2170 1252 2194 ν

292 2263 331 2327 ln
358 2256 551 2326 Plzilodemi
577 2257 632 2327 vel
654 2263 856 2351 Argentarii
878 2260 1150 2356 epigrammate,
1171 2263 1231 2346 Vl,
1253 2283 1310 2357 ep.
1335 2257 1422 2348 246,
1448 2283 1481 2327 ν.
1509 2283 1547 2348 2,
1566 2257 1641 2353 jam
1661 2255 1737 2328 haec
1761 2257 1855 2330 habe

244 2381 478 2453 Lobeclsianis
497 2384 662 2453 certiora.
694 2387 820 2453 Narrat
842 2385 1011 2471 Conzins,
1037 2387 1134 2453 Reice
1150 2383 1292 2479 aasdcn
1307 2376 1421 2453 lasela
1444 2383 1503 2453 des
1526 2383 1740 2454 thraltischen
1755 2388 1854 2458 Mee-

247 2533 301 2577 res
319 2506 524 2604 (Hannon,
551 2506 687 2604 1860),
707 2534 742 2605 p.
764 2508 837 2579 28:
860 2541 877 2575 η
899 2513 979 2596 Quo
1003 2507 1159 2579 vehebar
1180 2509 1298 2580 mulus
1322 2508 1464 2579 sacculo
1489 2510 1653 2580 coriaceo
1676 2506 1856 2579 inclusum

245 2630 391 2700 dentem
406 2631 478 2700 suis
496 2629 548 2699 vel
568 2633 646 2727 apri
670 2632 707 2701 in
728 2631 845 2703 fronte
864 2632 1042 2728 gestabat;
1068 2634 1228 2727 agagiota
1246 2647 1364 2701 autem
1382 2657 1482 2702 meus
1502 2632 1578 2701 sinc
1602 2632 1673 2701 hoc
1697 2632 1857 2703 amuleto

247 2755 463 2825 moriturum
487 2777 561 2823 esse
574 2754 780 2848 jumentum
797 2757 890 2826 serio
912 2754 1112 2826 affirmabat
1129 2754 1243 2850 (χῶρις
1256 2759 1330 2823 αὐτὸ
1354 2757 1507 2824 ἀπιθαίνει
1530 2757 1564 2823 τὸ
1577 2753 1742 2849 getwang
1769 2755 1858 2827 tales

248 2877 409 2947 sacculos
432 2874 521 2946 mala
541 2893 819 2948 averruncantes
843 2877 920 2948 fieri
946 2878 1256 2977 Constantinopoli
1276 2894 1311 2949 et
1334 2880 1371 2949 in
1389 2877 1476 2948 alias
1498 2881 1662 2974 regiones
1684 2879 1769 2951 inde
1795 2904 1855 2951 ex·

247 3000 397 3095 portari.
426 3003 511 3085 Quae
530 2997 743 3097 [superstitio
764 3000 862 3071 haud
882 3001 992 3072 dubie
1010 3005 1157 3099 antiqua
1186 3028 1331 3100 prorsus
1351 3003 1460 3074 refert
1483 3001 1584 3074 illum
1600 3009 1630 3073 ἐν
1647 3010 1780 3101 στέρνοις
1800 3010 1855 3077 κό-

246 3149 322 3215 σμον
346 3108 620 3217 ὀδοντορόρον,
642 3123 688 3192 de
713 3149 786 3219 quo
815 3123 992 3195 videndus
1008 3130 1095 3196 Otto
1118 3127 1209 3197 Jahn
1236 3127 1273 3197 in
1302 3126 1482 3196 Berichten
1500 3126 1563 3197 der
1577 3129 1699 3198 soeclzs.
1723 3131 1856 3200 Gesell·

245 3245 369 3337 selmst.
390 3245 452 3314 der
470 3248 578 3316 Wtss.
597 3270 642 3316 zu
659 3250 814 3342 Leipzig,
842 3244 944 3337 1855,
965 3274 1001 3345 p.
1022 3254 1081 3339 42,
1101 3266 1178 3322 not.
1202 3250 1261 3337 48.
1282 3280 1299 3315 ο

294 3367 462 3463 Ejusdem
486 3393 566 3467 cap.
587 3374 632 3440 Vl
647 3370 903 3467 epigrammate
929 3397 1008 3463 120,
1024 3399 1059 3446 ν.
1088 3374 1123 3466 8,
1143 3375 1243 3472 quod
1265 3374 1385 3447 Codex
1405 3374 1539 3472 praebet
1559 3380 1718 3448 αὑλοθετεῖ
1736 3393 1858 3450 tuetur

247 3496 485 3580 llermannus,
503 3492 642 3563 collatis
658 3484 833 3576 ἀοιδοθέτης
852 3510 887 3566 et
902 3501 1078 3593 ὑμνοθέτης,
1099 3524 1216 3597 neque
1231 3500 1426 3570 Minervam
1443 3500 1586 3570 musicis
1600 3501 1858 3572 certaminibus

246 3614 435 3710 praesidere
452 3630 487 3685 et
502 3619 696 3706 ἀθλοθετεῒν,
713 3617 775 3688 sed
795 3617 1010 3714 Apollinem.
1029 3621 1129 3693 Idem
1148 3627 1373 3692 Hermannus
1391 3622 1430 3690 in
1449 3623 1574 3718 capitis
1594 3624 1622 3690 V
1643 3622 1754 3717 epigr.
1772 3623 1857 3716 206,

246 3763 282 3809 v.
307 3763 337 3826 1,
359 3754 456 3817 recte
473 3739 676 3810 observavit
690 3748 859 3823 varulanae
875 3767 948 3813 esse
956 3762 1135 3840 provectas
1145 3762 1260 3830 (etate,
1276 3771 1348 3815 non
1367 3769 1564 3842 «proceras
1579 3770 1732 3843 corpore
1750 3776 1766 3813 ο
1781 3802 1790 3838 ,
1805 3749 1859 3819 uti

247 3858 435 3930 vertebant
451 3859 592 3931 lacohs.
613 3876 649 3931 et
666 3864 927 3936 Boissonadius.

296 3983 426 4078 Capitis
439 3988 546 4078 primi
563 3984 601 4055 in
621 3986 732 4083 epigr.
756 4012 797 4083 71
821 3987 1052 4060 scribendum
1065 4005 1119 4061 est
1141 4014 1225 4062 cnm
1239 3989 1401 4060 Hecltero
1419 4016 1456 4088 p.
1480 3990 1545 4061 116
1564 4018 1571 4060 ι
1589 3998 1673 4085 Εὐχή
1694 3990 1858 4064 Ἐλισσαίου

248 4119 300 4175 Σω
310 4134 385 4200 μαι
396 4103 432 4174 id
439 4137 448 4174 ι
468 4104 516 4187 δὶς
530 4136 618 4205 ποριν
637 4110 713 4198 υἱόν,
731 4135 799 4207 pro
822 4114 985 4184 vocativo
999 4112 1092 4185 male
1112 4127 1280 4211 correpto
1300 4116 1465 4209 Σωμανίτι.

297 4231 385 4300 Sero
409 4228 565 4300 vidimus
584 4255 663 4327 quae
681 4257 787 4329 supra
806 4261 844 4331 p.
866 4240 988 4326 xvflt,
1011 4236 1049 4327 b,
1070 4236 1116 4308 de
1137 4242 1300 4331 Diogenis
1321 4242 1449 4307 Laertii
1467 4225 1764 4336 epigrammatum
1784 4241 1857 4339 syl-

249 4350 329 4447 loge
343 4352 437 4426 dicta
459 4369 543 4424 sunt
552 4355 626 4452 jam
640 4371 800 4428 correcta
815 4357 920 4430 luisse
940 4384 961 4430 a
980 4360 1199 4432 Benndorfio
1218 4361 1291 4457 (De
1307 4360 1529 4457 Anthologiae
1544 4389 1596 4458 gr.
1619 4365 1856 4463 epigramma·

249 4477 294 4545 tis
309 4475 355 4546 ad
371 4492 463 4548 artes
482 4478 745 4577 spectantibus)
762 4506 798 4579 p.
818 4481 878 4571 34,
894 4480 953 4554 35.
971 4488 1106 4555 Omnes
1124 4486 1302 4585 siquidem
1318 4487 1546 4583 neglexerant
1560 4489 1670 4588 ipsius
1689 4491 1857 4587 Diogenis

250 4596 359 4668 verba
377 4603 405 4687 1,
425 4598 524 4697 539,
535 4608 687 4697 primum
706 4605 817 4675 modo
836 4605 960 4676 librum
979 4609 1098 4706 operis
1113 4622 1175 4679 τῶν
1195 4613 1455 4707 ἐπιγραμμάτων,
1473 4619 1507 4683 in
1522 4639 1588 4710 quo
1603 4614 1691 4684 libro
1711 4621 1783 4711 ipse
1802 4615 1817 4683 l
1842 4653 1856 4666 ·

248 4728 369 4817 quitur
381 4720 490 4817 (ibid.
510 4726 529 4816 §
548 4722 651 4819 63)η
672 4730 861 4823 Ποίμμττρος
877 4731 1089 4829 inscriptum
1106 4732 1212 4804 luisse
1231 4736 1406 4807 testantis.
1426 4736 1527 4808 Unde
1545 4736 1626 4833 jure
1645 4763 1711 4809 suo
1741 4737 1859 4808 effecit

251 4844 490 4918 Benndorfius
516 4876 534 4911 «
556 4848 593 4918 in
613 4850 760 4947 reliquis
784 4852 883 4926 libris
909 4856 1055 4926 aliorum
1083 4857 1230 4929 infuisse
1255 4874 1442 4956 poetarum
1463 4862 1718 4960 epigrammata
1744 4883 1859 4957 neque

252 4965 323 5037 ulla
343 4967 510 5062 Diogenis
529 4969 654 5067 ipsius.
675 5002 692 5037 ν
707 4978 907 5072 Jamquum
921 4994 1049 5076 praeter
1068 5003 1107 5050 ea
1128 4981 1257 5076 quaein
1277 4983 1375 5052 Vitas
1395 4981 1694 5080 philosophorum
1713 5006 1858 5079 recepe-

249 5100 304 5157 rat
328 5112 409 5181 sua,
436 5113 615 5187 perpauca
641 5094 895 5191 epigrammata
927 5102 1149 5198 anthologia
1172 5119 1302 5175 sonent
1329 5106 1546 5201 Diogenem,
1575 5103 1690 5175 videri
1720 5117 1861 5201 poterat

249 5208 420 5308 Cephalas
443 5212 603 5284 Vitarum
624 5240 734 5314 opere
755 5220 833 5293 solo
847 5247 923 5295 esse
943 5249 1043 5314 usus,
1060 5226 1159 5325 quod
1183 5252 1280 5298 nunc
1300 5252 1373 5297 non
1393 5241 1524 5325 potest.
