4000 5952
788 637 1277 795 succesit

590 943 1074 1051 PROLEGOMENA
1114 943 1465 1052 BREVIORA.

899 1192 1166 1227 -φ-

1113 1424 1169 1471 AEre
1184 1435 1244 1472 caro
1254 1422 1373 1487 clipeum,
1390 1426 1470 1488 magni
1480 1428 1603 1488 gestamen
1615 1426 1725 1489 libantis,

1116 1490 1231 1541 Postibus
1243 1491 1353 1544 adversis
1367 1492 1415 1557 ligo
1427 1497 1452 1542 et
1462 1508 1513 1544 rein
1525 1495 1632 1545 carmine
1646 1496 1714 1559 signo

1115 1563 1207 1611 AEsurs
1219 1577 1272 1612 nec
1285 1577 1316 1613 ne
1332 1576 1421 1613 ninus
1432 1577 1575 1613 victorinus
1589 1578 1666 1614 sart.

271 1425 387 1484 Veteres
424 1423 536 1497 Graeci,
571 1423 785 1500 religiosissimi
819 1424 1007 1495 mortalium,

232 1533 320 1591 quum
347 1512 448 1571 omnia
470 1525 527 1570 tam
555 1512 681 1571 secunda
710 1533 796 1590 quam
827 1513 948 1571 adversa
973 1512 1009 1570 ad

231 1601 302 1661 deos
325 1601 481 1673 referrent,
496 1600 582 1659 bellis
604 1600 727 1661 feliciter
748 1601 853 1677 gestis,
875 1599 1009 1659 hostibus

231 1689 370 1760 devictis,
384 1688 546 1746 nonsolum
561 1701 671 1765 partem
689 1688 794 1765 praedae
810 1701 895 1764 atque
907 1707 1009 1744 manu·
1053 1681 1138 1751 Quod
1153 1684 1332 1761 epigramma
1348 1686 1393 1743 vol
1408 1699 1562 1764 propterea
1573 1702 1615 1746 est
1631 1688 1831 1763 memorabile,

232 1775 296 1835 bias
310 1778 382 1848 diis,
399 1796 521 1851 quorum
536 1795 567 1833 se
581 1776 719 1853 praesidio
733 1776 887 1833 victoriam
905 1795 1008 1853 repor-
1054 1769 1132 1855 quod
1146 1774 1175 1828 in
1195 1773 1300 1849 priscae
1322 1774 1518 1852 simplicitatis
1541 1776 1702 1835 imitatione
1718 1778 1833 1854 insigne

232 1876 305 1922 tasse
318 1863 533 1933 existimabant,
550 1882 814 1943 seponere,verum
829 1865 915 1922 etiam
930 1884 1009 1924 arma
1054 1871 1148 1916 tamen
1174 1878 1293 1918 acumen
1319 1860 1415 1919 habet.
1459 1862 1613 1941 Postquam
1633 1864 1709 1921 eninr
1736 1868 1766 1924 in
1788 1867 1835 1927 bis

230 1950 361 2011 hostibus
381 1951 508 2010 detracta
526 1952 557 2009 in
575 1953 691 2031 templis
708 1967 793 2031 atque
812 1951 942 2010 delubris
957 1972 1009 2010 eo·
1053 1946 1297 2025 inscriptionibus
1312 1949 1402 2007 rerba
1418 1952 1502 2009 rrtctri
1517 1950 1633 2027 legibus
1648 1967 1743 2031 coepta
1766 1968 1833 2013 sunt

230 2038 438 2098 cumdedicare
448 2038 579 2098 solebant
594 2040 635 2118 (l.
651 2042 693 2099 ,td
704 2041 758 2098 hoc
766 2042 1008 2119 antiquissimum,
1052 2034 1215 2113 adstringi,
1234 2037 1296 2095 lieri
1311 2058 1368 2095 non
1385 2041 1479 2116 potuit
1493 2041 1565 2116 quin
1584 2041 1670 2098 etiam
1691 2044 1833 2101 orationis

230 2140 262 2185 ut
276 2126 403 2199 ridetur,
413 2128 602 2186 donariorum
611 2148 701 2205 genus
711 2132 844 2208 proxime
857 2128 1010 2187 accedebat
1053 2123 1171 2199 quidam
1186 2138 1305 2183 ornatus
1320 2126 1482 2197 accederet,
1498 2125 1583 2204 cujus
1596 2141 1699 2185 natura
1713 2141 1740 2186 et
1757 2130 1835 2186 ratio

231 2214 327 2286 aliud,
345 2214 414 2273 huic
432 2229 604 2291 cognatum,
629 2236 717 2294 quum
737 2219 862 2275 victores
885 2217 1006 2293 praemia
1053 2209 1093 2267 ita
1117 2209 1242 2283 serebat,
1266 2225 1298 2270 ut
1327 2213 1412 2271 nudae
1435 2215 1477 2271 rei
1501 2214 1678 2292 expositioni
1705 2215 1834 2275 viridior

230 2302 261 2360 in
275 2300 403 2380 publicis
417 2302 640 2376 certaminibus,
661 2325 724 2383 quae
738 2317 767 2362 et
786 2305 849 2382 ipsa
865 2303 919 2362 sub
938 2304 1007 2363 deo·
1053 2299 1204 2357 sententiae
1228 2300 1274 2358 vis
1299 2301 1476 2359 succederet.
1522 2302 1607 2372 Quod
1632 2303 1723 2377 tnagis
1746 2305 1831 2361 etiarn

230 2410 295 2449 rum
318 2390 404 2450 tutela
422 2405 519 2466 erant,
545 2394 711 2471 proposita,
734 2392 882 2472 tripodas,
900 2391 1008 2451 lebetas
1053 2398 1112 2442 tum
1132 2384 1232 2444 debuit
1250 2388 1330 2458 steri,
1354 2409 1443 2465 quum
1468 2390 1595 2465 elegiaca
1615 2390 1739 2448 disticha
1765 2391 1834 2449 huic

229 2492 258 2537 et
282 2479 312 2538 id
338 2501 428 2556 genus
452 2482 523 2553 alia,
545 2481 602 2541 diis
628 2497 845 2554 consecrarent,
871 2484 957 2542 simul
978 2496 1009 2540 nt
1053 2471 1094 2527 fel
1111 2484 1205 2528 θὸδθῦῑ
1220 2472 1362 2532 adhibita.
1406 2474 1502 2542 Quum
1518 2477 1596 2533 enlm
1618 2477 1674 2533 hoc
1696 2496 1832 2536 versuum

231 2569 305 2643 grati
332 2570 424 2626 animi
451 2571 691 2646 significationem
717 2571 835 2643 darent,
862 2572 948 2629 simul
979 2584 1009 2629 ut
1030 2584 1033 2607 ¹
1053 2579 1143 2635 genus
1172 2560 1310 2638 ³¹¹'0Pl1ffll
1343 2560 1558 2637 q1¹⁰d³¹¹l¹¹¹0d⁰
1586 2564 1703 2635 efficiat,
1731 2578 1835 2642 ⁵P⁰¹¹¹0

231 2657 399 2714 memoriam
413 2659 545 2716 victoriae
557 2658 632 2736 apud
646 2658 778 2716 homines
792 2671 1005 2718 conservat-ent,
1053 2661 1248 2725 exspectatur,
1262 2660 1292 2705 ut
1304 2648 1387 2705 docta
1405 2650 1528 2725 quadam
1547 2652 1695 2709 sententiae
1713 2653 1830 2710 consor·

230 2742 302 2800 Cum
324 2743 432 2821 quibus
453 2745 568 2803 duobus
596 2745 751 2820 genet-ibus
773 2745 1007 2822 conjungendum
1055 2736 1181 2792 mallone
1197 2749 1287 2793 totum
1306 2736 1488 2814 illud,qttod
1503 2757 1584 2796 aures
1599 2739 1629 2795 ln
1643 2738 1754 2797 heroici
1768 2759 1832 2797 ver·

229 2843 272 2886 est
286 2831 414 2899 tertium,
427 2832 683 2889 instrumentorum
696 2833 885 2905 consecratio,
902 2832 1008 2910 quibus
1054 2843 1103 2881 sus
1118 2844 1182 2882 cnm
1200 2838 1380 2902 pentametro
1395 2828 1580 2905 copulatione
1598 2848 1663 2886 cnm
1685 2829 1835 2907 voluptate

230 2916 297 2991 quis
311 2917 342 2975 in
365 2931 424 2975 arte
444 2931 493 2974 aut
504 2918 623 2996 opificio
641 2939 711 2979 usus
733 2920 842 2992 fuerat,
863 2940 1007 2979 armorum
1054 2911 1198 2984 sentiunt,
1219 2913 1305 2970 etiam
1332 2914 1430 2972 auimo
1455 2928 1483 2972 et
1515 2928 1609 2973 mente
1646 2916 1831 2993 percipiatur.

230 3003 382 3081 inprimis,
397 3005 505 3082 quibus
519 3026 594 3084 saepe
616 3008 734 3066 salutem
756 3029 836 3067 suam
852 3008 1006 3081 debuerat,
1053 2997 1149 3067 Quale
1164 3013 1274 3058 mature
1299 3002 1461 3060 factumest
1491 3016 1522 3060 ut
1547 3003 1665 3078 elegiaci
1688 3018 1780 3081 poetae
1805 3020 1832 3063 et

230 3091 413 3170 aliorumque
427 3113 509 3170 quae,
531 3115 620 3171 quum
636 3108 684 3153 aut
699 3096 783 3154 annis
796 3109 824 3153 et
838 3110 919 3154 χωρ
941 3118 1008 3156 con.
1054 3087 1170 3162 singula
1185 3087 1308 3146 disticha
1323 3102 1350 3147 ei
1361 3091 1499 3167 periodos
1514 3111 1550 3147 ex
1562 3090 1695 3148 distichis
1709 3111 1831 3167 compi)-

232 3179 323 3261 lectus
342 3179 378 3237 ab
394 3200 481 3258 opere
496 3182 628 3240 faciendo
647 3197 785 3253 cessaret,
807 3198 855 3242 aut
871 3185 905 3243 ad
930 3186 1008 3243 alind
1054 3174 1123 3232 Silas
1146 3194 1345 3251 ⁵³21>001¹¹1¹0¹¹⁰
1373 3178 1521 3236 luculessla
1544 3179 1667 3254 quadam
1692 3181 1834 3238 ὃθῐὶῑθῃῐῑθ

230 3266 298 3324 vitae
310 3286 400 3344 genus
412 3270 561 3339 transiret,
573 3271 712 3330 laudabili
725 3273 829 3349 pietate
844 3274 874 3330 in
888 3274 1005 3351 tenrplo·

231 3374 295 3413 rum
317 3355 470 3416 vestibulis
485 3378 690 3418 consenescere
714 3380 800 3438 quam
823 3361 946 3420 fortunae
960 3383 1009 3420 ca-

230 3441 311 3501 sibus
325 3444 417 3522 objici
432 3446 564 3510 malebat.

271 3531 322 3590 llis
345 3532 493 3608 donariis,
521 3551 673 3615 postquam
697 3539 790 3597 literas
808 3540 840 3598 in
866 3559 921 3599 usu
946 3560 1009 3600 esse

230 3635 390 3698 coeperunt,
405 3625 611 3700 inscriptiones
626 3639 692 3684 sunt
702 3628 815 3701 additae,
827 3631 1008 3687 brevissimae

230 3705 288 3763 illae
303 3708 429 3784 primum
443 3711 510 3767 etin
529 3712 698 3771 nominibus
711 3734 741 3772 se
758 3716 949 3789 continentes,
963 3719 1008 3775 in-

231 3792 343 3850 terdum
355 3794 459 3866 etiam,
471 3798 497 3853 si
514 3816 560 3856 res
576 3799 616 3856 ita
632 3799 735 3869 ferret,
754 3801 915 3878 rhythmice
930 3805 1008 3863 ince-

230 3878 348 3952 dentes,
365 3881 485 3941 heroico
508 3886 692 3963 potissimum
708 3908 841 3964 numero,
865 3891 900 3948 ad
922 3914 1007 3969 quem

231 3979 332 4044 postea
342 3982 520 4046 pentameter
530 3976 663 4047 accessit,
673 3976 799 4053 primum
813 3979 889 4056 apud
907 3979 1007 4051 lones,

232 4068 291 4113 tum
315 4058 401 4115 etiam
417 4060 493 4137 apud
508 4060 590 4122 alios.
607 4062 651 4119 hd
669 4065 772 4140 priscas
790 4065 869 4124 illius
889 4087 1009 4126 consue-

230 4142 343 4204 tudinis
368 4146 580 4224 simplicitatcm
614 4152 806 4230 compositum
831 4155 1009 4232 epigramma

231 4232 325 4307 quod,
341 4232 378 4291 ab
400 4235 609 4311 impostoribus
632 4241 733 4316 procul
757 4239 864 4317 dubio,
888 4241 1008 4318 Amphi·

231 4322 343 4397 tryonis
358 4342 443 4399 quem
459 4324 602 4384 vocabant
622 4328 731 4405 tripodi
747 4328 881 4389 Cadmeis
905 4329 1009 4388 litteris

230 4409 407 4486 insculptum
422 4411 532 4471 Thebis
553 4416 585 4471 in
604 4416 711 4493 templo
729 4418 875 4495 Apollinis
891 4419 1008 4477 Ismenii

233 4492 397 4554 llerodolus
417 4498 527 4558 viderat
543 4502 593 4579 (V,
607 4503 659 4579 59)
678 4525 685 4560 ε

291 4635 430 4701 Ἀμφιτρύων
444 4643 469 4701 μ’
482 4640 591 4699 ἀνέθηκεν
602 4644 645 4692 ἰὼν
659 4644 706 4692 ἀπὸ
718 4645 868 4706 litimonium,

232 4760 261 4805 et
271 4748 344 4808 illud
361 4753 440 4828 quod
457 4753 598 4831 Virgilius
613 4757 649 4815 ad
663 4759 782 4816 eandem
798 4764 938 4820 rationem
955 4763 1008 4820 lin·

232 4835 276 4892 xit
300 4835 337 4896 ab
359 4839 445 4899 AEnea
459 4844 490 4900 in
510 4843 631 4904 Leucate
651 4845 747 4923 clipeo
771 4846 892 4908 Abantis
906 4850 1009 4909 inscri-

231 4934 310 5000 ptum
327 4927 414 5007 (αδδ)
433 4948 441 4989 :

264 5100 297 5163 δ)
313 5100 419 5165 AEschyl.
434 5105 664 5173 ammentante,
678 5111 745 5174 Sept.
757 5124 779 5161 c.
791 5109 867 5164 Theb.
878 5119 923 5164 2⁶0
939 5127 1009 5178 seen

1054 3275 1102 3320 aut
1120 3262 1212 3321 verbo
1238 3267 1446 3325 concluderent
1471 3267 1549 3343 quod
1564 3266 1684 3341 legentis
1704 3266 1833 3325 animum

1053 3363 1195 3426 pungeret
1211 3366 1238 3409 et
1262 3366 1381 3415 teneret.
1446 3356 1511 3424 Quo
1536 3353 1657 3413 brevius
1682 3369 1774 3413 autem
1790 3370 1834 3415 est

1053 3457 1179 3509 carmen,
1196 3458 1230 3496 eo
1241 3441 1332 3515 magis
1345 3444 1505 3518 requiritur
1519 3443 1669 3517 ingeniosa
1683 3444 1833 3501 sententiae

1054 3526 1221 3597 conversio,
1238 3540 1287 3583 aut
1308 3543 1482 3604 praeceptum
1511 3529 1545 3584 ad
1567 3530 1655 3584 vitam
1670 3530 1759 3599 utile,
1784 3542 1833 3587 aut

1055 3613 1154 3688 gravis
1168 3613 1299 3689 quadam
1322 3628 1349 3669 et
1365 3615 1498 3670 ioecttnda
1519 3612 1622 3688 γνώμη,
1648 3629 1697 3672 aut
1715 3620 1834 3675 omnino

1056 3702 1135 3776 quod
1150 3700 1232 3776 quasi
1247 3699 1377 3756 aculeum
1399 3701 1428 3756 in
1453 3701 1550 3758 aninro
1573 3703 1729 3779 relinquat.
1785 3705 1833 3764 Sic

1055 3787 1151 3862 itaque
1174 3786 1397 3862 epigrammata,
1432 3787 1560 3865 primum
1594 3790 1741 3864 donariis,
1772 3806 1834 3851 tum

1055 3873 1249 3930 monumentis
1273 3872 1501 3951 sepulcralibns,
1515 3875 1621 3935 tabulis
1639 3879 1758 3951 votivis,
1775 3893 1832 3938 sta·

1053 3959 1127 4031 tuis,
1143 3960 1234 4036 signis
1247 3960 1371 4038 aliisque
1383 3960 1470 4021 rebus
1482 3962 1624 4036 adhibita,
1636 3986 1700 4023 cum
1716 3980 1835 4025 externa

1052 4049 1190 4108 carminis
1214 4049 1308 4107 locuta
1328 4064 1461 4109 naturam
1477 4072 1596 4129 alnoque
1618 4053 1757 4111 carminis
1784 4055 1834 4111 in-

1052 4136 1188 4196 duebant.
1232 4137 1330 4216 Neque
1353 4152 1447 4198 tamen
1471 4140 1527 4197 hoc
1552 4141 1593 4198 ita
1613 4142 1698 4198 velim
1723 4142 1833 4219 accipi,
1883 4166 1886 4171 ·

1053 4228 1135 4302 qttasi
1156 4226 1186 4285 id
1201 4227 1280 4303 quod
1297 4227 1329 4286 in
1346 4226 1401 4285 hoc
1428 4247 1531 4303 genere
1549 4228 1694 4306 poeticum
1709 4241 1771 4300 est,
1790 4240 1835 4286 to·

1054 4324 1113 4369 tum
1141 4312 1177 4371 ab
1199 4326 1320 4371 externa
1340 4312 1404 4389 ejus
1433 4313 1525 4372 forma
1552 4315 1743 4373 derivandum
1772 4334 1835 4373 esse

1053 4400 1227 4460 existimem.
1291 4400 1361 4459 Nam
1378 4402 1409 4459 in
1433 4401 1520 4459 rebus
1535 4422 1652 4478 qnoque
1673 4403 1749 4474 illis,
1768 4422 1836 4480 quae

1053 4489 1268 4564 epigrammatis
1288 4489 1501 4548 concinnandis
1516 4490 1764 4567 opportunitatem
1780 4486 1831 4547 da·

1054 4573 1135 4647 hant,
1152 4589 1291 4652 quantum
1307 4578 1402 4635 inerat
1415 4576 1450 4633 ad
1470 4577 1602 4654 pietatis,
1620 4576 1834 4652 admirationis,

1055 4663 1128 4736 grati
1153 4665 1243 4722 animi
1269 4683 1384 4722 sensnm
1416 4664 1620 4735 excitandum,
1651 4685 1709 4742 quo
1743 4685 1836 4741 quum

1054 4750 1203 4807 incalescit
1220 4763 1338 4829 pectus,
1354 4765 1458 4828 sponte
1481 4771 1602 4830 poeseos
1624 4752 1670 4809 vis
1691 4752 1836 4812 etlumen

1053 4840 1212 4896 enascitur!
1241 4858 1327 4916 quam
1354 4841 1457 4896 crebro
1489 4853 1558 4898 rota
1583 4859 1648 4898 cum
1673 4841 1835 4915 gratiarum

1055 4927 1184 4999 actione,
1199 4947 1302 5003 preces
1321 4947 1386 4986 cum
1408 4928 1516 4987 laetitiae
1539 4926 1753 5005 significatione
1766 4927 1836 5005 jun·

1055 5015 1155 5091 gendae
1164 5020 1263 5075 erant!
1277 5037 1363 5094 quam
1375 5017 1480 5076 acriter
1492 5035 1568 5095 saepe
1581 5036 1679 5075 rerum
1692 5018 1700 5074 i
1704 5035 1835 5094 psat-um,

1056 5103 1165 5181 quibus
1179 5103 1339 5164 addebatur
1361 5105 1532 5182 inscriptio,
1554 5118 1586 5164 ut
1601 5118 1712 5165 statuae.
1730 5102 1839 5165 tabulas

1001 5224 1054 5285 vhl]
