4000 5952
514 462 520 471 ,
584 401 709 461 CAPUT
729 402 752 460 1.
775 398 1004 459 eflutsttnttn
1029 398 1321 459 EPIGRAMMATA.

357 589 409 636 120.
426 589 466 635 Ἐν
480 585 629 650 Βλαχέρναις.
641 585 745 646 Ἰαμύοι.

154 715 187 775 El
197 709 304 794 ρρικτδν
315 712 343 768 ἐν
354 713 389 789 γῇ
399 715 446 768 τοῦ
458 680 515 769 θεῦῦ
529 712 613 779 ζητεῖς
623 707 722 789 θρόνον,

152 798 215 859 θδιδν
229 799 273 858 τθν
285 787 355 859 οἶκον
368 796 505 874 θαύμασον
520 800 567 868 τῆς
581 795 723 875 παρθένου·

154 891 172 959 ἦ
186 886 238 969 γθρ
252 886 366 968 ρύροιισα
379 884 424 944 τόν
437 885 494 944 θεὸν
506 893 562 952 ταῖς
574 884 720 963 άγκάλαις,

155 974 231 1058 ρόρει
245 975 289 1034 τὸν
302 972 380 1034 αῦτδν
396 975 431 1040 εἰς
443 972 473 1031 τὸ
486 976 532 1030 τοῦ
543 971 625 1030 τόπου
642 970 734 1039 σέύας·

112 1100 127 1137 5
156 1069 267 1124 ἐνταῦθα
277 1068 326 1136 τῆς
338 1065 386 1140 γῆς
399 1064 423 1121 οῖ
435 1070 542 1142 κρατεῖν
556 1060 711 1139 τεταγμένοι

156 1151 191 1213 τά
204 1154 327 1232 σκῆπτρα
338 1147 490 1209 πιστεύουσι
503 1152 550 1221 τῆς
562 1148 634 1222 νίκης
646 1148 724 1229 ἔχειν·

157 1241 267 1300 ἐνταῦθα
281 1236 381 1306 πολλάς
396 1236 525 1315 κοσμικὰς
540 1237 705 1318 περιπάτοις

157 1331 171 1385 θ
184 1318 350 1408 πατριάρχης
361 1329 499 1405 ἀγρυπνῶν
512 1325 668 1405 ἀνατρέπει·

158 1420 182 1476 οἱ
197 1417 327 1500 βάρύαροι
339 1416 366 1475 δὲ
377 1414 571 1497 προσόαλόντες
582 1420 614 1496 τῇ
626 1416 712 1487 πόλει,

103 1537 132 1577 tu
155 1498 241 1579 ἀὖε-δν
253 1502 474 1587 στρατηγόσασαν
487 1508 522 1572 ὡς
531 1493 598 1564 εἶδον
610 1503 700 1581 μόνον,
755 1507 759 1515 ’

161 1594 282 1676 ἔκαμψαν
295 1593 368 1661 εύθῦς
378 1591 437 1660 τοῦς
450 1593 581 1669 άκαμπεῗς
592 1591 715 1671 αθχόνας.

394 1739 446 1786 121.
461 1739 504 1793 Εἰς
513 1737 553 1786 τδν
562 1736 633 1786 αὐτὸν
644 1735 710 1785 ναόν.

160 1860 238 1921 Ἐδει
246 1857 365 1939 γενέσθαι
375 1858 501 1940 δευτέραν
512 1864 569 1919 θεοῦ
581 1860 664 1931 πύλην

162 1950 211 2019 τῆς
224 1945 352 2027 παρθάνου
363 1945 405 2006 τδν
415 1937 500 2021 οἶκον,
510 1950 545 2013 ὡς
557 1948 602 2005 καὶ
616 1947 660 2006 τὸν
672 1946 763 2006 τόκον·

163 2034 274 2102 κιῦωτδς
284 2033 357 2114 ῶρθη
372 2039 418 2105 τῆς
432 2035 493 2114 πρὶν
509 2034 678 2115 ἐνθεεστέρα,

164 2127 193 2183 οῦ
203 2124 250 2189 τδις
260 2122 362 2188 πλάκας
376 2121 489 2201 φέρουσα
504 2120 552 2191 τδς
563 2122 736 2203 θεογράρους,

124 2249 139 2286 5
166 2212 225 2271 ἀλλ’
242 2211 319 2270 αὐτὸν
334 2210 404 2269 ἔνδον
417 2211 460 2271 τὸν
476 2211 531 2272 θεὸν
547 2212 700 2289 δεδεγμένη.

164 2299 293 2359 Ἐνταῦθα
308 2298 410 2378 κρουνοὶ
425 2303 555 2378 σαρκικῶν
571 2298 734 2380 καθαρσίων,

166 2387 213 2445 καὶ
226 2388 345 2466 ψυχικῶν
358 2385 485 2466 λύτρωσις
498 2387 684 2467 ἀγνοημάτων·

165 2475 226 2534 ὅσαι
239 2472 290 2555 γάρ
303 2475 354 2533 εἰσι
364 2476 415 2533 τῶν
430 2480 520 2536 παθῶν
533 2476 716 2556 περιστάσεις,

167 2561 255 2639 βλύζει
263 2560 392 2628 τοσαύτας
405 2560 502 2643 δωρεάς
516 2567 568 2621 τῶν
584 2561 737 2640 θαυμάτων,

114 2682 141 2725 te
166 2649 299 2711 Ἐνταῦθα
313 2648 442 2719 νικήσασα
456 2651 515 2718 τοὺς
533 2649 681 2723 ἐναντίους,

167 2738 268 2795 ἀνεῖλεν
283 2737 374 2805 αὐτοὺς
396 2737 453 2795 ἀντὶ
467 2738 564 2819 λόγχης
577 2741 613 2805 εἰς
625 2736 711 2818 ύδωρ·

167 2829 265 2905 τροπῆς
276 2827 327 2906 pte
341 2824 480 2885 ἀλλοίωσιν
497 2828 544 2885 οῦκ
557 2826 613 2907 ἔχει
628 2826 710 2904 μόνη,

168 2913 282 2993 Χριστδν
295 2919 407 2973 τεκοῦσα
423 2916 468 2972 καὶ
483 2917 614 2974 κλονοῦσα
631 2913 789 2994 βαρύάρους.

291 3065 357 3116 122.
382 3056 532 3116 Mtxsttn
552 3056 826 3116 ΧΑΡΤΟΦΥΛΑΞ.

279 3198 320 3253 Εἰς
329 3198 370 3256 τὴν
384 3197 500 3254 θεοτόκον
508 3198 675 3261 βαστάζουσαν
682 3198 723 3248 τὸν
733 3196 841 3261 Χριστόν.

174 3319 247 3394 Αὕτη
261 3327 372 3381 τεκοῦσα
392 3321 519 3401 παρθένος
532 3323 610 3383 πάλιν
627 3321 709 3400 μένει·

172 3411 216 3469 καὶ
232 3409 270 3488 μὴ
283 3415 406 3490 θροηθῇς·
421 3411 477 3470 ἔστι
489 3410 540 3491 γάρ
552 3412 582 3470 τὸ
595 3411 698 3470 παιδίον

174 3498 243 3571 θεὸς,
256 3497 367 3570 θελήσας
379 3499 577 3580 προσλαύέσθαι
592 3499 711 3579 σαρκίον.

399 3651 467 3703 12³.
491 3642 725 3703 ΣΩΦΡΟΝῙΟΥ.

229 3830 232 3833 ,
313 3782 353 3838 Εἰς
366 3782 406 3831 τὸν
423 3774 526 3846 Κρανίου
541 3783 604 3831 λίθον
621 3782 645 3831 lv
654 3781 816 3845 Ἰερουσαλήμ.

178 3899 267 3980 Πέτρα
276 3903 498 3982 τρισμακάριστε,
509 3904 646 3963 θεόσσυτον
661 3895 728 3982 οἶμα
743 3909 876 3984 λαχοῦσα,

178 3988 282 4067 ούρανίη
297 3990 373 4067 γενεή
387 4013 416 4049 σε
428 3991 567 4071 πυρόπνοος
583 3992 773 4074 spernente,

178 4074 221 4133 καλ
234 4076 325 4157 χθυνθς
339 4079 487 4160 ἐνναετῆρες
501 4080 640 4160 ἀνάκτορις
655 4083 844 4165 ὑμνοπολοῦσι,

1209 583 1255 626 tw.
1270 585 1295 626 ln
1313 581 1451 628 blachernis.
1463 584 1541 628 lambi.

947 720 956 740 ·
982 709 1007 757 Si
1018 706 1173 758 tremendum
1182 707 1209 757 in
1216 707 1291 757 terris
1300 706 1345 757 Dei
1356 707 1449 771 quaeris
1458 707 1589 767 thronum.

983 809 1085 847 cennens
1093 795 1195 846 domum
1206 794 1328 846 admirare
1337 795 1451 860 Virginis.

984 889 1041 950 ipsa
1052 886 1116 936 enim
1129 884 1210 935 terens
1219 886 1301 934 Deum
1310 884 1337 934 iu
1350 885 1428 946 ulnis,
1520 918 1523 925 .

987 975 1034 1024 sert
1046 972 1152 1024 eundem
1161 972 1186 1023 in
1196 970 1317 1023 hancloci
1326 974 1487 1038 majestatem.

985 1064 1032 1112 ilie
1040 1065 1113 1112 terrae
1121 1060 1166 1125 qui
1174 1060 1432 1126 dominarijussisunt

986 1154 1083 1214 sceptra
1094 1149 1197 1200 eredunt
1206 1149 1316 1201 mobida
1325 1153 1422 1209 teuere3

985 1241 1027 1292 hie
1035 1238 1126 1292 multos
1135 1240 1273 1292 mundanos
1284 1254 1357 1292 casus

860 1330 862 1334 ’
962 1355 966 1380 ι
986 1327 1126 1392 patriarcba
1137 1328 1353 1393 uigilansauertit3

962 1387 966 1438 ¹
987 1414 1136 1479 Barbarique
1144 1414 1348 1478 impetu-ruentes
1361 1415 1385 1464 in
1398 1415 1491 1475 urbem,

987 1503 1066 1566 ipsam
1074 1502 1337 1553 uerettuseuoentsm
1349 1505 1379 1554 ut
1390 1506 1568 1567 conspexerunt
1576 1506 1687 1568 tantum,

988 1594 1109 1645 flexerunt
1119 1595 1201 1644 statim
1213 1594 1351 1644 inflexibilia
1361 1595 1430 1645 colle.

1240 1731 1285 1774 tat.
1300 1732 1327 1773 ln
1336 1729 1416 1784 eadem
1426 1729 1527 1775 ecelesia.

990 1850 1124 1915 Oportebat
1134 1850 1186 1901 beri
1195 1852 1298 1902 alteram
1306 1851 1353 1901 Dei
1361 1852 1458 1915 mrtem

965 1918 970 1990 λ
990 1940 1098 2005 Virginis
1113 1940 1216 1991 domum
1232 1943 1261 1991 nt
1274 1943 1300 1991 et
1309 1942 1416 2004 partum.

991 2035 1055 2081 Arca
1068 2031 1181 2094 appamit
1192 2029 1295 2095 pristina
1310 2030 1424 2091 divinior,

992 2133 1040 2169 non
1054 2118 1151 2170 tabulas
1165 2132 1252 2183 gerens
1265 2121 1474 2181 s-ueoemratas,

992 2205 1036 2257 sed
1049 2206 1131 2270 ipsum
1144 2205 1211 2256 intus
1220 2208 1302 2256 Deum
1318 2208 1450 2270 complere.

992 2295 1038 2342 iiie
1054 2292 1214 2357 scaturigines
1230 2292 1364 2343 carnalium
1376 2292 1561 2357 purgationum.

993 2382 1018 2430 et
1030 2378 1174 2430 mentalium
1186 2379 1286 2430 abolitio
1299 2393 1418 2430 errorum.

993 2470 1061 2527 Qtrot
1069 2467 1135 2519 enim
1147 2469 1206 2519 sunt
1218 2468 1387 2518 calamitatum
1399 2481 1485 2530 casus,

887 2591 889 2596 «
969 2547 973 2664 γ
994 2556 1102 2607 elbrndlt
1115 2557 1153 2607 tut
1168 2555 1233 2607 dona
1246 2555 1430 2607 miraculorum.

994 2650 1041 2697 litu
1052 2660 1131 2711 quum
1144 2646 1290 2698 debellasset
1301 2645 1469 2707 adversarios,

993 2734 1164 2800 pessumdedit
1177 2734 1232 2786 ilios
1246 2747 1291 2799 pro
1302 2734 1386 2785 iauoea
1400 2734 1425 2784 in
1439 2735 1512 2797 aquis
1526 2749 1532 2776 ε

995 2822 1217 2874 transiennutionis
1232 2823 1298 2873 enim
1311 2822 1472 2873 mutationem
1484 2837 1531 2873 non
1546 2825 1670 2888 experitur
1684 2826 1749 2886 sola,

995 2925 1053 2975 quse
1065 2910 1193 2963 Christum
1205 2910 1300 2975 peperit
1311 2913 1336 2962 et
1351 2911 1420 2976 lugat
1428 2910 1556 2964 Barbaros.

1144 3073 1195 3117 122.
1215 3068 1357 3116 ntlcflnun
1372 3068 1633 3117 CHARTOPHYLAX.

1173 3211 1198 3249 tn
1210 3207 1328 3263 Deiparam
1342 3208 1466 3262 gestantem
1479 3205 1603 3253 Christum.

973 3392 978 3403 ,
998 3340 1059 3387 iimo
1072 3350 1130 3400 queo
1140 3337 1234 3402 peperit
1248 3339 1317 3403 tingo
1330 3351 1418 3391 rursus
1431 3343 1521 3389 manet.
1589 3328 1592 3331 ’

974 3408 978 3436 ¹
999 3429 1034 3477 Αο
1045 3438 1076 3475 ne
1090 3425 1260 3479 conturberis:
1274 3429 1313 3477 est
1324 3425 1390 3477 enim
1399 3426 1480 3476 iniens
1490 3427 1530 3476 ille

999 3513 1072 3576 deus,
1086 3512 1217 3577 qui-uoluit
1231 3527 1357 3564 assumere
1372 3526 1478 3563 earnem.

1267 3657 1318 3702 ινα.
1342 3652 1517 3701 sonunonu.
1556 3634 1559 3641 '

1172 3785 1197 3826 ln
1215 3782 1319 3827 caluariae
1332 3793 1411 3840 rupem
1424 3780 1589 3837 Hierosolymis.

1000 3917 1082 3978 Rupes
1092 3914 1197 3965 ter-telin
1208 3917 1423 3980 a-Deoproltrsum
1435 3916 1578 3981 sanguinem
1588 3917 1769 3981 queaecepistt

1002 4003 1101 4054 eoeleste
1112 4016 1189 4067 genus
1199 4003 1225 4053 te
1241 4000 1433 4066 iguem-spirans
1446 4001 1661 4065 circumtenetur,

1001 4102 1031 4138 ac
1044 4083 1118 4139 terne
1134 4089 1222 4139 inculte
1235 4087 1358 4151 principes
1371 4084 1655 4151 hymniseouoelebrant.
