4020 5946
204 356 271 418 '318

201 484 269 544 αύτά
281 506 320 542 τοι
336 482 436 565 φονίαν,
452 480 606 561 Δαμάτρει,
621 480 715 540 αὐτίκα
729 480 827 560 λόγχαν

241 565 299 632 εἶπε
308 571 351 631 iri
362 571 483 632 πλατέων
496 570 621 644 ὠσαμένα
633 569 760 646 λαγόνων·

202 689 213 713 ·
230 660 365 735 Κάτθανε,
382 661 445 737 μηδ’
458 659 540 738 ἐχέτω
556 657 670 736 Σπάρτα
680 655 772 737 ψόγον·
788 658 818 715 ού
832 656 885 737 γάρ
902 657 989 715 ἐκείνοι

241 776 254 803 ι
270 749 428 827 ἤμπλακεν,
439 749 463 805 εί
477 745 576 814 δειλοὺς
588 746 683 823 τούμόν
694 745 786 825 ἔθρεψε
797 746 879 824 γάλα.
896 772 908 798 ν

422 910 490 961 231.
513 900 775 959 somniator.-

200 1047 260 1117 Ὧδ’
274 1053 340 1135 incip
352 1052 540 1134 ’λμύρακίαςθ
555 1051 700 1131 βυεδρόμος
711 1049 800 1109 ἀσπίδ’
816 1050 903 1130 ἀείρας

240 1143 367 1218 τεθνάμεν
380 1141 398 1214 ῆ
411 1140 514 1224 φεύγειν
528 1138 605 1199 εἵλετ’
619 1137 815 1219 Ἀρισταγόρας,

201 1232 253 1299 υίδς
265 1236 279 1290 θ
291 1230 466 1306 θευπόμπου.
483 1228 529 1300 Mai
545 1227 624 1305 θαῦμ’
639 1228 694 1307 ἔχε·
706 1227 821 1307 Δωρικός
832 1225 898 1306 ἀνὴρ

240 1320 380 1398 πατρίδος,
393 1321 442 1398 οὐχ
453 1316 520 1389 ῆύας
532 1317 676 1394 ὀλλυμένας
689 1317 786 1393 ἀλέγει.

421 1438 487 1536 aaa.
510 1474 764 1535 καπηλείων.

200 1637 297 1698 Λύδιον
313 1630 390 1705 οὖδας
406 1637 462 1717 ἔχει
481 1636 535 1696 τόδ’
551 1633 714 1714 Ἀμύντορα,
730 1633 813 1691 παῖδα
833 1628 990 1704 Φιλίππου,

240 1726 326 1788 πολλά
337 1725 468 1805 σιδηρείης
478 1725 554 1805 χερσί
567 1722 672 1802 θιγόντα
690 1722 787 1802 μάχης·

198 1815 259 1876 siit
267 1839 312 1892 μιν
323 1812 478 1892 ἂλγινόεσσα
491 1813 564 1878 νόσος
576 1811 655 1888 δόμον
668 1812 749 1887 ἄγαγε
761 1805 871 1881 Νυκτός,

241 1902 299 1964 ἀλλ’
314 1901 382 1962 ὄλετ’
397 1902 463 1982 ἀμφ’
481 1900 566 1982 ἑτάρῳ
578 1898 650 1978 σχὼν
661 1897 822 1957 κυκλόεσσοιν
834 1895 902 1954 itur.

401 2065 471 2118 28³.
497 2056 782 2117 anonastnmot.

200 2212 300 2290 Αἴλιος,
315 2213 445 2285 Αὐσονίης
457 2216 580 2294 στρατιῆς
591 2213 705 2294 πρόμος,
718 2215 732 2270 θ
745 2209 878 2290 χρυσέοισι

240 2299 375 2379 στέμμασι
386 2301 520 2382 σωρεύσας
538 2303 649 2381 αιίχένας
664 2300 837 2379 ὁπλοφόρους,

200 2393 290 2451 νοῦσον
302 2389 339 2449 ὅτ’
352 2392 388 2458 εἷς
400 2391 524 2465 πυμάτην
536 2390 665 2449 ὠλίσθοινε
677 2389 762 2469 τέρμα
777 2389 801 2444 τ’
812 2386 925 2467 ἄφυκτον
937 2431 945 2461 ,

241 2469 306 2538 εἶδεν
320 2480 453 2558 ἅριστείην
465 2480 568 2559 ἐμφανῆ
583 2481 619 2544 εἰς
631 2476 712 2549 ἰδίην·

200 2566 267 2639 πῆξε
283 2567 304 2626 δ’
314 2568 365 2627 ύπδ
379 2567 567 2644 σπλάγχνοισιν
579 2566 620 2625 tis
635 2565 723 2645 ξίφος,
738 2555 795 2623 εἶπέ
811 2587 840 2622 τε
851 2561 981 2635 θνήσκων·

242 2682 254 2707 ι
270 2655 353 2722 imi<
368 2654 434 2715 ίκὼν
446 2654 562 2732 ἐδάμην,
579 2652 617 2731 μὴ
632 2652 706 2721 νόσος
720 2644 795 2732 εύχος
811 2653 873 2732 ἔχῃ.
889 2677 901 2704 ν

280 2820 347 2870 234.
373 2810 569 2871 ΦΙΛΙΠΠΟΥ
588 2806 923 2868 astronomicum.

201 2966 291 3033 Αἴλιος
303 2969 316 3024 θ
327 2964 468 3046 θρασύχειρ
481 2960 571 3045 Ἄρεος
584 2965 700 3043 πρόμος,
711 2963 865 3044 όψελιόεσας

242 3055 341 3135 αὐχένα
352 3053 517 3133 χρυσοδέτοις
528 3056 558 3113 ἐκ
568 3052 683 3131 πολέμου
698 3051 850 3133 στεφάνοις,

201 3140 336 3219 τηξιμελεῖ
347 3140 433 3222 νούσῳ
446 3141 645 3217 κεκολουμένος,
665 3140 762 3219 έδραμε
777 3143 852 3219 θυμῷ

242 3231 269 3297 ές
283 3230 411 3308 προτέρην
427 3230 510 3309 έργων
522 3230 620 3307 άρσενα
629 3229 786 3308 μαρτνρίην,
913 3224 990 3308 [τόν

201 3306 254 3379 dies
268 3319 292 3376 δ’
304 3317 354 3377 θπδ
368 3318 529 3398 σπλάγχνοις
540 3318 626 3377 πλατὺ
640 3319 792 3397 φάσγανον,
812 3314 839 3374 ἓν
854 3313 931 3391 μόνον
953 3316 994 3374 εἰ·

243 3433 255 3461 ι
269 3404 377 3485 Ἄνδρας
391 3402 470 3486 Ἄρης
482 3406 593 3485 κτείνει,
606 3405 764 3486 δειλοτέρους
776 3404 803 3466 δὲ
817 3402 903 3472 νόσος.
920 3429 933 3455 ¹

450 3606 508 3653 230.
525 3622 610 3655 sarcir
628 3622 752 3657 currenni.

206 3736 304 3788 Animis
316 3752 371 3786 cum
382 3746 420 3798 te,
433 3739 569 3801 Demetrie,
579 3749 689 3789 cerneret
702 3740 786 3799 armis,

239 3823 333 3883 integra
345 3819 375 3881 de
385 3819 451 3869 bello
463 3820 570 3869 membra
582 3821 672 3870 reierrc
684 3822 795 3884 domurn,

206 3906 259 3968 Ipsa
272 3916 373 3967 parens,
383 3916 444 3951 εεεεο
458 3910 497 3950 tua
509 3901 567 3950 dum
581 3901 641 3952 iodit
651 3903 693 3953 iiia
706 3903 788 3964 ierro,

238 3986 296 4032 lieo
308 3981 380 4033 simul
394 3982 419 4031 in
431 3981 510 4045 medio
523 3983 622 4033 uulnere
634 3984 707 4034 rerba
719 3985 786 4034 dedit
801 4001 808 4037 ε

206 4064 272 4127 Quin
283 4079 393 4126 morere,
407 4073 433 4113 ut
445 4054 530 4131 Sparte
542 4064 632 4130 probro
644 4075 712 4115 uacet
724 4083 731 4116 :
746 4066 804 4128 ilia,
816 4065 922 4132 fugacem

206 4196 209 4201 ,
240 4147 264 4198 Si
278 4163 331 4197 mea
345 4147 464 4197 lactarunt
476 4146 550 4196 ubera
560 4183 568 4208 ,
578 4147 634 4213 quid
645 4149 742 4214 potuit?

498 4292 555 4340 231.
575 4307 710 4341 υιιεεσιττ.

208 4417 291 4468 Noiiet
301 4418 451 4484 Aristagoras
462 4428 553 4486 tergum
562 4437 617 4471 cum
626 4430 735 4485 uertere,
747 4430 850 4473 mortem

243 4499 347 4562 Maluit,
357 4500 493 4551 Ambraciae
504 4502 567 4553 ierac
578 4504 699 4570 proiectus
712 4521 796 4572 opem,

208 4577 361 4647 'iincupompi
370 4581 478 4645 εοθολυες
488 4599 567 4649 neque
576 4584 667 4636 miror:
677 4586 765 4636 Dorica
777 4586 828 4638 iaus
837 4593 884 4648 est,

243 4665 299 4714 Non
312 4663 388 4730 pluris
399 4665 471 4715 sitam
480 4667 579 4716 credere
587 4684 658 4734 quam
668 4669 779 4736 patriam.

489 4811 568 4858 που.
588 4812 708 4876 (rana.)

212 4947 272 4995 Tam
283 4943 345 4994 bene
354 4944 396 5010 qui
405 4945 476 4996 toties
490 4948 616 5013 pugnavit,
628 4952 761 5016 Amyntore
771 4952 842 5004 telius

247 5027 313 5094 Lyda
324 5028 396 5094 tegit,
405 5029 525 5089 sobolem,
544 5031 609 5083 clare
619 5032 731 5100 Phiiippo
737 5071 745 5097 ,
755 5044 830 5088 tuam.

213 5111 269 5162 Non
281 5109 387 5161 domitur
397 5112 498 5175 morbo,
509 5113 549 5164 sed
560 5123 627 5165 scuto
639 5114 734 5166 fortiter
745 5116 838 5167 hostem

771 348 1027 411 nnrfluLufflAE
1049 347 1252 408 PALA'HNAE

1037 486 1090 551 ipsa
1103 486 1146 536 tibi
1154 487 1260 547 letalem,
1271 484 1393 547 Demetri,
1406 484 1471 535 illico
1481 484 1578 535 hastam

1066 575 1200 640 perampla
1214 574 1313 639 adigens
1323 575 1399 625 latera
1412 574 1474 624 dixit
1487 589 1493 618 ε

1039 684 1051 707 ι
1061 666 1168 725 Morere,
1186 677 1266 727 neque
1275 663 1308 713 sit
1318 666 1412 727 Sparta
1422 662 1596 727 opprobrium
1608 677 1657 714 non
1671 663 1712 713 iiia
1722 665 1787 714 cuim

1070 773 1081 794 ι
1093 752 1217 816 peccarit,
1229 752 1359 816 siignaros
1370 764 1425 802 anea
1437 752 1499 803 aluit
1512 765 1627 802 mamma.
1645 774 1657 796 s

1301 913 1354 959 2³¹.
1372 909 1562 959 namium.

1036 1059 1082 1107 iiic
1096 1071 1141 1122 pm
1152 1058 1280 1109 Ambracia
1289 1058 1428 1121 ieiunans,
1444 1061 1545 1109 scutum
1558 1059 1761 1122 quum-sustulit,

1067 1145 1129 1194 mori
1143 1159 1218 1209 quam
1227 1146 1311 1210 ingere
1323 1146 1410 1198 maiuit
1425 1146 1593 1211 Aristagoras,

1040 1231 1106 1283 istius
1116 1233 1276 1299 Theopompi.
1291 1237 1326 1287 Nc
1337 1235 1432 1285 mireris
1445 1257 1450 1284 :
1463 1235 1566 1286 Doricus
1579 1237 1617 1286 vir

1067 1321 1168 1385 mirre,
1182 1335 1230 1373 nou
1239 1322 1377 1384 juventutis
1389 1324 1514 1387 pereuntis
1529 1324 1708 1375 curam-trahet.

1301 1485 1355 1530 232.
1373 1482 1548 1531 ANTiPATRI.
1582 1550 1586 1557 γ

1035 1646 1138 1709 Lydium
1152 1646 1231 1697 solum
1244 1647 1292 1698 Ιεοο
1305 1645 1380 1698 habet
1391 1650 1558 1710 Amyntorem,
1572 1645 1652 1697 salium
1661 1646 1773 1712 Philippi,

1068 1736 1209 1798 frequenter
1226 1734 1270 1799 qui
1285 1735 1370 1785 terrere
1383 1747 1471 1784 manus
1480 1733 1589 1785 admonit
1602 1747 1706 1799 pugnas:

1035 1839 1116 1890 neque
1125 1839 1183 1876 eum
1197 1824 1425 1877 molestusmorbus
1438 1825 1574 1875 iu-domum
1588 1823 1689 1874 deluxit
1703 1824 1802 1888 Noctis,

1066 1913 1110 1965 sed
1122 1912 1212 1965 interiit
1222 1916 1352 1977 protegens
1368 1912 1477 1964 sodalem
1499 1912 1607 1964 retundo
1616 1912 1720 1964 umbone
1733 1915 1808 1964 scuti.

1282 2071 1336 2118 233.
1355 2069 1569 2118 APOLLONIDAE.

1035 2227 1123 2288 AEiius,
1135 2228 1236 2278 Ausonii
1248 2227 1372 2278 exercitus
1386 2227 1513 2292 princeps,
1531 2228 1575 2293 qui
1584 2228 1667 2279 aureis

1067 2315 1163 2365 corollis
1179 2316 1344 2381 (torquibus)
1357 2316 1493 2366 cumularit
1506 2317 1569 2368 colia
1577 2318 1704 2381 armigera,

1037 2402 1152 2452 morbum
1167 2415 1245 2465 quum
1259 2401 1285 2451 in
1294 2402 1411 2453 ultimum
1419 2403 1505 2454 inscidi
1519 2402 1643 2468 finemque
1651 2404 1822 2468 ineuitabilem,

1067 2490 1175 2554 respexit
1187 2490 1220 2540 ad
1231 2491 1361 2542 manifesta
1377 2492 1558 2556 opera-uirtutis
1567 2505 1630 2555 suae,

1037 2581 1062 2629 et
1075 2577 1130 2628 sirit
1139 2577 1186 2629 sub
1195 2578 1329 2629 visceribus
1339 2593 1422 2629 ensem
1433 2593 1506 2629 suurn
1515 2618 1522 2641 ,
1532 2580 1643 2643 diritquc
1652 2581 1758 2631 moriens
1768 2602 1774 2630 ι

1074 2689 1085 2710 ν
1097 2672 1153 2731 lpse
1162 2667 1321 2718 meinterteci
1334 2672 1430 2730 sponte,
1441 2682 1472 2717 ne
1483 2668 1584 2718 nnorhus
1595 2670 1696 2734 gloriam
1705 2671 1801 2721 habeat.
1813 2691 1825 2716 ι

1160 2817 1213 2865 idi.
1234 2816 1370 2864 PfflLlPPI
1386 2817 1694 2870 Tnnssnnonrcssnsrs

1037 2964 1117 3014 Elius
1126 2963 1166 3015 iile
1179 2963 1389 3016 audax-manibus
1401 2966 1456 3017 belli
1467 2967 1593 3032 princeps,
1602 2968 1646 3032 qui
1656 2969 1731 3021 uinxit

1069 3055 1161 3106 collum
1173 3057 1360 3107 aurorerinctis
1372 3070 1386 3107 e
1397 3072 1479 3122 pugna
1487 3058 1582 3109 coronis
1592 3060 1601 3121 (
1610 3059 1745 3124 tonantius
1753 3062 1771 3121 J,

1038 3144 1138 3194 tabifica>
1150 3144 1236 3196 morbo
1246 3145 1349 3208 tractus,
1365 3145 1507 3196 decucurrit
1519 3147 1726 3199 animosa·anenta

1073 3231 1106 3283 ad
1118 3232 1187 3296 prius
1198 3233 1334 3283 iocinerum
1346 3232 1415 3284 virile
1424 3234 1603 3298 testimonium,

1039 3321 1222 3385 auegttquesub
1229 3321 1452 3372 visceribuslaturn
1463 3336 1556 3386 ensem,
1564 3337 1644 3374 unum
1652 3324 1824 3376 medodicaus:

1073 3429 1084 3452 ι
1102 3409 1176 3460 Viros
1188 3411 1253 3460 iiars
1265 3410 1397 3473 interiicit,
1409 3411 1546 3475 ignaviores
1557 3416 1641 3464 autem
1657 3412 1768 3463 morbus.
1781 3434 1792 3455 ν

1076 3598 1180 3649 λεοοίίε
1190 3616 1274 3650 areens
1282 3637 1290 3663 ,
1299 3601 1330 3650 ad
1344 3600 1395 3650 ioca
1409 3603 1486 3652 noctis
1495 3603 1554 3654 abit.

1313 3753 1371 3802 233.
1385 3768 1555 3804 ιεοιιοιιιυι.

1040 3883 1166 3948 Armigcro
1179 3885 1266 3936 tulerat
1275 3886 1317 3952 qui
1328 3897 1392 3937 serta
1400 3889 1442 3937 red
1451 3905 1523 3939 aureo
1533 3890 1595 3940 οοίΙο

1074 3964 1148 4015 AEiius
1161 3967 1273 4017 Ausoniis
1283 3968 1369 4019 duretur
1382 3969 1406 4018 in
1420 3971 1567 4034 agminibus,
1609 3986 1614 3994 ·

1041 4052 1095 4115 ipse
1105 4064 1160 4099 suos
1172 4059 1250 4100 tantos
1259 4061 1284 4100 et
1294 4061 1329 4102 tot
1341 4053 1446 4119 respexit
1456 4054 1487 4104 sd
1498 4064 1578 4116 actus,

1075 4135 1111 4182 iia
1122 4133 1208 4184 morbo
1216 4144 1319 4185 mortem
1330 4136 1387 4186 dum
1398 4137 1462 4188 ridet
1474 4154 1524 4188 esse
1535 4154 1611 4205 prope
1624 4155 1630 4188 :

1041 4215 1263 4282 Transadigeasque
1273 4214 1316 4268 ευο
1330 4217 1394 4269 ierro
1407 4219 1454 4270 sibi
1466 4220 1571 4282 viscera,
1581 4219 1659 4272 dixit:

1074 4300 1129 4349 Non
1141 4308 1167 4348 tu
1182 4309 1260 4349 morte
1274 4309 1341 4366 putes
1353 4302 1449 4353 sincere
1461 4319 1513 4365 me,
1525 4303 1565 4353 sed
1580 4318 1632 4368 ego.

1211 4455 1271 4510 ²34·
1292 4470 1405 4505 urnam
1421 4472 1656 4516 τιεεεευοπεσειεειε,

1383 4589 1414 4639 de
1426 4591 1500 4644 AEi'o.

1042 4717 1116 4769 AEiius
1128 4720 1269 4786 Argolidum
1283 4733 1374 4786 rector,
1385 4725 1423 4775 cui
1434 4726 1504 4777 fortia
1513 4728 1574 4777 coila

1076 4801 1194 4854 Vinxerat
1205 4821 1236 4855 ex
1246 4821 1306 4856 auro
1317 4807 1393 4858 marita
1406 4825 1495 4860 corona
1507 4812 1589 4875 μαινίς

1043 4884 1104 4933 Cum
1113 4883 1180 4936 tabes
1188 4886 1270 4937 ederet
1282 4887 1418 4953 langrrcntia
1431 4891 1553 4955 membra,
1567 4893 1672 4944 recurrit

1076 4968 1130 5030 lpse
1143 4967 1174 5016 ad
1188 4967 1283 5019 virtutis
1296 4968 1357 5020 θεοεε
1371 4971 1452 5038 priora
1463 4988 1526 5036 ειεεες

1044 5045 1194 5114 infixumque
1204 5065 1315 5115 premens
1323 5053 1427 5117 giadium
1436 5054 1482 5104 sub
1491 5065 1603 5122 pectore,
1614 5057 1700 5109 clamat
1710 5074 1718 5110 r

1078 5130 1173 5181 Occidit
1184 5132 1283 5184 miseros
1291 5135 1404 5199 morbus,
1414 5146 1440 5186 at
1450 5152 1517 5189 arara
1532 5138 1604 5191 νὶτοε.
