3974 5950
165 389 226 447 tlt
725 389 983 452 'ANTHOLOGIAE
1004 390 1207 452 PALATINAE

404 535 470 586 305.
496 526 701 587 leonthon.

165 661 322 742 Λαὸροσύνα
336 664 397 722 τάδε
410 665 482 743 δῶρα
494 664 643 744 ριλευχόλῳ
656 687 683 722 τε
698 667 837 746 Λαρυγμῷ

204 749 303 820 θήκατο
316 751 329 775 *
342 751 456 819 δεισόζου
467 750 580 831 Δωριόος
590 752 705 832 κεραλά·

163 835 215 902 τὼς
228 836 396 916 Λαρισσαίως
411 839 588 920 βουγάστορας
598 842 746 920 θρητῆρας,

203 923 248 982 καὶ
263 924 382 1006 χύτρως,
396 926 441 985 καλ
453 925 500 985 τὰν
515 928 647 1007 εὐρυχαδῆ
659 927 771 997 κύλικα,

161 1010 209 1069 καλ
222 1010 270 1070 τθν
286 1014 452 1093 εὐχάλκωτον
465 1012 628 1094 ἔύγναμπτόν
640 1037 668 1073 τε
677 1013 821 1094 κρεάγραν,

203 1099 248 1159 καλ
260 1105 384 1173 κνήστιν,
398 1103 443 1160 καὶ
455 1103 502 1161 τθιν
518 1102 648 1161 ἰτνοδόνον
664 1101 782 1182 τορύναν.

167 1188 336 1268 θαόροσύνα,
357 1189 388 1248 σθ
403 1190 525 1249 δὲταῦτα
539 1195 621 1249 κακοῦ
633 1189 702 1250 κακθ
714 1191 861 1271 δωρητῆρος

205 1275 352 1354 δεξαμένα,
368 1278 471 1344 νεύσαις
486 1276 522 1354 μή
541 1300 611 1337 ποκα
624 1276 802 1359 οωρροσύναν.

392 1446 458 1497 306.
483 1435 714 1496 ΑΡΙΣΤΩΝΟΣ.

163 1573 266 1652 Χύτρον
280 1597 337 1646 τοι,
350 1572 448 1645 ταύτην
460 1597 489 1632 τε
503 1572 661 1654 κρεαγρόδα,
676 1572 722 1633 καλ
738 1576 900 1652 βαθυκαμπῆ

201 1663 291 1719 κλεῖδα
306 1663 391 1734 συῶν,
406 1660 450 1720 καλ
464 1661 512 1720 τδιν
527 1660 659 1720 ἐτνοδόνον
675 1660 801 1740 τορύναν,

159 1747 207 1805 καλ
222 1747 345 1828 πτερόναν
362 1750 469 1832 ριπῖδα,
484 1748 663 1829 ταναόχαλκόν
675 1772 703 1807 τε
717 1748 834 1826 λέόητα,

201 1835 247 1894 σὺν
261 1834 381 1908 πελέκει,
395 1835 440 1894 καλ
453 1834 501 1894 τδιν
512 1835 674 1912 λαιμοτόμαν
687 1835 803 1917 οραγόδα
811 1882 820 1908 ,

118 1942 135 1979 n
161 1926 249 2001 ζωμοῦ
264 1925 288 1980 τ’
304 1925 371 2000 ἀμφ’
382 1923 510 1982 θύελοῖσιν
525 1922 687 2002 άρυστρίδα,
703 1923 746 1981 τόν
758 1946 785 1981 τε
800 1925 890 2002 μαγῆα

201 2010 315 2088 σπόγγον
330 2009 380 2068 inti
396 2009 509 2088 στιύαρᾷ
525 2009 676 2086 κεκλιμένον
691 2010 798 2083 κοπίδι,

156 2095 205 2155 καὶ
219 2102 308 2155 τοῦτον
323 2096 460 2176 δικάρανον
474 2096 617 2177 όλοτρόόα,
633 2096 679 2157 ohe
694 2095 721 2157 ii
736 2098 823 2157 θυείαν

200 2182 338 2264 εὔπτερον,
353 2184 398 2243 καλ
410 2183 458 2244 rho
472 2184 618 2265 κρειοδύκον
632 2184 745 2263 σκαρόδα
753 2230 762 2260 ,

160 2270 301 2353 οθψοπόνος
315 2270 435 2354 Σπίνθηρ
451 2272 540 2351 Ἑρμῇ
554 2271 617 2331 τάδε
629 2271 751 2350 ούμύολα
763 2272 856 2353 τέχνας

107 2376 135 2415 ευ
201 2359 318 2434 θήκατο,
337 2360 493 2428 δουλοσύνας
505 2359 583 2439 ἄχθος
594 2361 778 2438 ἀπωσάμενος.

427 2527 497 2579 aot.
519 2520 676 2581 ΦΑΝΙΟΥ.

160 2660 284 2736 Εὖγάθης
295 2628 445 2726 Λαπιθανδς
456 2659 611 2740 increpita,
624 2658 670 2719 καλ
680 2659 821 2741 ριλόθειρον

201 2746 321 2821 σινδόνα,
336 2745 382 2805 καλ
399 2746 515 2806 πετάσου
529 2746 626 2827 φάρσος
646 2743 801 2823 θποξύριον,

158 2832 205 2892 καλ
216 2833 335 2914 ψήκτραν
350 2833 477 2891 δονακῖτιν
491 2833 640 2906 ἀπέπτυσε,
654 2833 699 2890 καὶ
709 2828 872 2897 λιθοκόπους

201 2922 381 3001 ρασγανίδοις,
394 2919 439 2978 καλ
452 2918 511 2987 τοὺς
523 2921 668 2998 ουλόνυχας
678 2918 822 2998 στόνυχας·

161 3008 257 3067 ἕπτυσε
268 3006 295 3066 δὲ
306 3008 432 3087 ψαλίδας,
441 3005 505 3085 ξυρθι
519 3006 564 3067 καὶ
579 3006 675 3088 θρόνον,
688 3009 723 3073 εἷς
735 3006 756 3065 δ’
766 3006 939 3089 Ἐπικούρου,

200 3102 315 3174 κουρεῖον
331 3092 477 3174 προλιπὼν,
495 3094 578 3153 όλατο
591 3093 769 3174 κηπολόγους,

156 3183 222 3242 ἔνθα
233 3181 314 3262 λύρας
325 3181 418 3255 ἤκουεν
431 3180 501 3249 όπως
515 3181 586 3250 θνος·
598 3180 680 3242 ὤλετο
694 3181 717 3242 δ’
727 3182 757 3244 tin
772 3205 823 3245 που

199 3271 354 3349 λιμώσσων,
370 3273 392 3329 al
406 3268 443 3349 μή
457 3269 546 3351 στάρξε
559 3271 760 3351 παλινδρομῖαν.

362 3431 431 3483 ³08.
454 3421 739 3482 ΑΣΚΛΒΠΙΑΔΟΥ.

159 3553 280 3625 Νικήσας
293 3551 353 3620 τούς
367 3553 476 3629 παῖδας,
492 3553 550 3612 ἐπεὶ
564 3551 633 3611 καλὰ
647 3550 783 3632 γράμματ’
797 3552 920 3633 ἔγραψεν,

202 3639 332 3722 Κόνναρος
345 3641 483 3719 ὀγδώκοντ’
499 3641 677 3718 ἀστραγάλους
688 3638 794 3717 ἔλαθεν,

159 3727 245 3804 κάμὲ,
258 3729 335 3807 χάριν
350 3725 537 3800 Μούσαις,τθν
552 3726 668 3801 κωμικὸν
683 3719 734 3786 ὦδε
748 3726 862 3806 Χάρητα

202 3812 349 3894 πρεσύύτην
365 3812 467 3894 θορύύῳ
483 3811 581 3885 θήκατο
595 3812 750 3894 παιδαρίων.

402 3969 470 4020 ³09.
495 3958 696 4018 intimant.

160 4107 288 4189 Εύρημόν
302 4128 343 4166 τοι
356 4113 481 4186 σφαῖραν,
493 4101 649 4184 θῦκρόσαλύν
664 4126 692 4162 τε
706 4105 842 4176 Φιλοκλῆς

200 4196 314 4278 Ἑρμείῃ
326 4194 425 4268 ταύτην
439 4192 559 4265 πυξινίήν
573 4191 722 4272 πλατάγην,

437 4386 495 4435 3οθ.
514 4399 647 4433 anrsroass.

161 4519 230 4564 Hanc
241 4515 312 4563 oliam
328 4529 495 4579 creagramque
508 4529 566 4562 cara
581 4527 636 4561 cum
648 4511 715 4560 clave
726 4509 808 4575 sniiis,

194 4600 226 4646 Et
235 4596 345 4645 cochlear
354 4608 460 4647 saturum
475 4599 541 4664 pulte
551 4598 614 4664 quod
624 4613 674 4647 esse
685 4597 758 4660 soiet;

161 4682 268 4743 Quaeque
282 4676 360 4726 lerunt
372 4686 470 4728 neutum
482 4679 574 4744 plumas
583 4687 608 4728 et
616 4679 647 4728 ab
659 4694 706 4728 ere
720 4679 822 4730 lebetem

195 4762 256 4811 Cum
269 4767 335 4808 truce
346 4758 369 4808 νί
378 4759 450 4809 cultri
461 4775 563 4824 cumque
571 4760 720 4821 securicula,

158 4848 191 4894 iit
203 4858 255 4907 qna
267 4840 298 4891 de
311 4840 413 4890 verubus
423 4840 543 4890 deducunt
557 4839 640 4890 hausta
651 4842 785 4906 liquorem,

195 4928 301 4990 Quaeque
308 4924 371 4989 jacet
386 4922 447 4972 duro
460 4921 557 4988 spongia
565 4920 610 4970 sub
619 4921 696 4986 gladio
708 4939 716 4984 ς

159 5007 325 5073 Pistiliumque
337 5005 418 5073 biceps
430 5014 454 5054 et
468 5013 547 5054 tusum
556 5019 661 5053 marmor
675 5003 706 5054 ab
718 5003 775 5068 iiio,

195 5089 367 5153 Portandisquc
378 5088 469 5138 honum
482 5085 593 5136 carnihrn
605 5085 740 5151 aireoinm3

160 5170 282 5220 Mercurio
291 5169 414 5236 Spinther,
426 5168 523 5220 condire
532 5167 631 5219 obsonia
640 5168 739 5232 doctus,

1262 534 1316 581 305.
1333 530 1487 580 LEONIDAE.

986 669 1182 732 Intemperantia
1191 669 1274 720 haecce
1281 670 1344 721 dona
1352 673 1378 722 et
1389 671 1767 727 amanti-snocuientornrn-ciho

1016 758 1096 820 posuit
1108 758 1281 809 exsecrandum
1290 761 1319 821 (t)
1331 760 1413 811 Dorici
1427 763 1518 825 eaput:
1551 760 1623 825 [mm
1634 763 1767 816 voracitati

985 846 1117 896 Lsnsses
1126 846 1325 898 immani-ventre
1333 847 1449 909 cacabos,

1016 937 1041 983 et
1053 933 1127 995 ollas,
1142 938 1167 984 et
1178 934 1373 998 raideoapacem
1386 935 1500 998 othnam,

985 1023 1011 1072 et
1023 1021 1159 1072 ceresolido
1168 1025 1360 1087 apteeurratam
1376 1037 1512 1088 neagram,

1016 1112 1041 1159 et
1055 1108 1181 1171 ranulam,
1196 1112 1221 1159 et
1232 1110 1482 1174 pultemquaversst
1495 1110 1639 1183 tuniculam.

986 1197 1189 1261 Intemperantia,
1202 1202 1230 1249 tu
1244 1201 1327 1249 autem
1349 1199 1402 1249 haec
1414 1199 1474 1249 mali
1489 1199 1553 1251 mna
1563 1199 1689 1252 donatoris

1017 1284 1153 1349 accipiens,
1168 1300 1199 1337 ne
1211 1286 1255 1336 (les
1270 1300 1294 1335 es
1304 1300 1414 1349 unquam
1426 1286 1621 1350 temperantiam.

1254 1447 1308 1494 θθθ.
1326 1446 1495 1495 nnrs'ronls.

986 1580 1075 1645 oliam,
1087 1584 1112 1634 at
1124 1582 1188 1634 hane
1197 1596 1335 1649 creagrm,
1347 1587 1374 1635 et
1386 1583 1596 1636 indemnatam

1017 1669 1149 1734 clarem(?)
1163 1683 1237 1721 suum
1246 1708 1253 1732 ,
1263 1673 1289 1722 et
1299 1671 1547 1736 qua-pultemrersat
1556 1672 1702 1736 teneuram,

987 1758 1014 1808 et
1027 1757 1151 1808 llahellum
1164 1759 1301 1822 err-pennis,
1315 1761 1341 1810 et
1353 1760 1634 1813 excrematteouucto
1646 1762 1766 1826 lebetem,

1017 1858 1074 1895 cum
1085 1845 1179 1906 securi,
1193 1848 1219 1896 et
1229 1846 1465 1910 que-gulmueacat
1477 1848 1636 1912 secespitam,

983 1931 1095 1996 iurisque
1105 1932 1205 1984 trullam
1217 1947 1275 1983 cnm
1285 1935 1394 1985 vemhns
1404 1973 1410 1997 ,
1421 1937 1446 1986 et
1455 1935 1689 2002 ael-abstergendum

1016 2017 1142 2082 spongiam
1156 2018 1203 2070 suh
1213 2018 1295 2070 valido
1309 2019 1415 2084 positam
1424 2021 1585 2085 coqui-cultro
1597 2061 1605 2086 ,

985 2108 1011 2156 et
1019 2105 1065 2156 hoc
1076 2104 1160 2170 hloeps
1174 2105 1307 2171 pistillum,
1318 2108 1440 2174 simulque
1449 2112 1594 2164 mortarium

1016 2192 1204 2257 e1·honolaplde
1212 2232 1219 2256 ,
1227 2197 1252 2246 et
1261 2195 1486 2260 recipienda-cami
1494 2201 1607 2263 alneum,

985 2294 1081 2345 coquus
1090 2281 1205 2345 Spinther
1218 2284 1341 2334 Mercurio
1347 2283 1403 2335 hoec
1410 2286 1520 2350 nymhola
1531 2286 1592 2340 artis

1016 2367 1153 2431 dedicarit,
1165 2369 1259 2421 servitii
1267 2385 1340 2422 nuere
1349 2385 1459 2425 ucnsso.

1270 2520 1325 2567 307.
1342 2519 1479 2569 PHANIAE.

985 2653 1107 2719 Engathes
1117 2653 1267 2718 Lapithaona
1276 2657 1403 2721 speculum
1416 2661 1442 2709 et
1454 2659 1697 2724 capillorumansuo

1016 2742 1119 2794 linteum
1134 2744 1160 2793 et
1170 2742 1249 2806 patasi
1261 2742 1369 2795 lmstum
1383 2746 1722 2814 novaculis-supponendum,

984 2829 1010 2878 et
1018 2828 1135 2894 strigilem
1149 2829 1337 2883 muudlnaceam
1345 2832 1452 2896 respuit,
1462 2837 1488 2885 et
1498 2834 1730 2899 lapideomannhrio

1015 2917 1140 2981 cultellos,
1151 2921 1177 2969 et
1185 2919 1500 2983 ungurhnehonaeooandls
1514 2923 1643 2990 scalpella3

985 3005 1080 3070 respuit
1089 3010 1115 3058 et
1125 3007 1234 3072 sorices,
1244 3010 1376 3061 novaculas
1390 3013 1415 3062 et
1423 3012 1521 3076 saliam,
1529 3017 1555 3066 et
1563 3014 1596 3066 ad
1605 3017 1715 3081 Epicurl,

1014 3094 1134 3146 tonstrina
1146 3095 1245 3159 relicta,
1256 3096 1415 3149 saltum-lecit
1426 3099 1593 3166 hortlloqnos,

986 3181 1027 3231 ubi
1037 3181 1115 3245 lyram
1124 3181 1240 3234 audiebat
1246 3185 1365 3247 mquam
1376 3184 1467 3236 asinus-
1475 3187 1589 3240 periisset
1599 3191 1682 3240 numm
1691 3203 1766 3256 propa

1015 3268 1139 3333 esuriens,
1149 3269 1196 3321 nisi
1209 3272 1342 3321 ususossot
1351 3273 1586 3324 cursnretrorerso

1231 3417 1286 3465 308.
1303 3415 1511 3466 nscnnpmnrs.

986 3561 1069 3612 Victor
1079 3574 1225 3625 puerorum,
1239 3563 1299 3627 qula
1312 3566 1429 3615 venustas
1437 3564 1520 3616 literas
1531 3566 1643 3630 scripsit,

1017 3649 1145 3699 counarns
1159 3649 1280 3714 octogiuta
1291 3650 1384 3714 aceepit
1395 3651 1472 3713 talos,

924 3718 928 3729 ⁶
985 3736 1010 3787 et
1022 3747 1074 3797 mo,
1088 3735 1189 3798 gratiam
1201 3736 1290 3799 Musis,
1303 3737 1425 3786 nomicum
1437 3737 1487 3787 hnc
1498 3737 1626 3791 Charetem

1015 3832 1098 3870 senem
1109 3833 1169 3871 cnm
1178 3820 1266 3885 plausu
1277 3820 1398 3874 dedicarit
1410 3825 1577 3888 puerulorum.

1261 3983 1316 4030 309.
1330 3980 1486 4030 LEONIDAE.

984 4117 1117 4167 Honestam
1130 4127 1188 4166 sane
1199 4114 1273 4178 pilam
1282 4115 1401 4167 Philocles
1412 4120 1437 4169 et
1448 4118 1612 4175 bene-sonans

1016 4202 1138 4254 Mercurio
1151 4201 1199 4254 hoo
1209 4203 1319 4254 buxeum
1332 4204 1523 4272 crepitaculum,

1641 4331 1755 4347 -q

1019 4388 1075 4435 Haec
1083 4393 1161 4435 sacrat
1169 4386 1235 4436 exuti
1248 4386 1314 4452 signa
1329 4387 1466 4441 ministerii.

1251 4507 1310 4556 3οθ.
1332 4522 1493 4561 recursant.

986 4612 1086 4680 Accepit
1098 4613 1158 4663 taios
1168 4613 1246 4664 decies
1257 4613 1303 4664 sihi
1317 4615 1420 4667 Codalns
1428 4627 1497 4682 octo,

1017 4696 1147 4747 Scrihendo
1157 4712 1244 4763 pueros
1256 4712 1311 4747 cum
1323 4714 1383 4764 puer
1394 4700 1488 4752 anteiit.

987 4780 1076 4828 Munus
1087 4777 1119 4828 oh
1132 4777 1157 4827 id
1171 4777 1255 4841 Musis,
1272 4779 1351 4844 pueris
1358 4780 1532 4845 plaudentibus,
1543 4799 1598 4835 ecce

1018 4859 1063 4908 llio
1074 4859 1145 4909 dante
1155 4874 1228 4909 senex
1237 4859 1341 4909 comicus
1353 4860 1421 4910 adsto
1434 4861 1534 4914 Chares.

1265 4980 1324 5043 ³⁰9·
1341 4996 1463 5033 nonina.

985 5090 1041 5137 ilaec
1049 5084 1111 5138 'cara
1125 5088 1155 5138 de
1168 5088 1245 5154 fragili
1254 5098 1331 5139 sacrat
1342 5091 1488 5157 crepitacula
1499 5092 1564 5143 buxo

1019 5172 1140 5223 Mcrnnrio
1151 5172 1280 5231 Philocles,
1297 5171 1435 5240 aeriamque
1449 5175 1537 5242 pilam,
