3960 6162
188 364 248 426 502

187 497 219 548 as
227 495 368 548 ιιιιιινιιιιιι
380 495 423 557 qur
437 494 483 544 ssr
493 495 538 557 ηιιι
548 494 606 544 sun
619 460 770 555 merosus
781 495 886 545 ινωιιιιι
899 493 972 545 nur·

187 580 244 616 rum
256 566 282 615 in
293 565 359 617 mala
372 563 539 628 etprarcipitia
551 564 607 614 acti.
620 584 632 607 ιι
640 567 699 616 duc.
708 569 759 614 -l
774 566 829 630 ἄχρι
844 577 910 615 nuuc
920 567 972 615 tac.

187 651 216 689 ax
230 636 336 697 Codice,
348 635 392 699 qui
401 636 478 685 altero
490 635 545 685 loco
552 637 629 699 μέχρι,
645 638 674 686 ut
687 635 754 685 Plan.

219 783 383 832 beLxxillx.
395 783 511 830 Lemma²
524 781 556 836 είς
564 780 709 829 Ἀπελλιανὸν
717 780 847 843 χριστιανύν
855 781 896 826 καλ
910 780 975 827 arius-

188 855 227 913 es.
238 878 268 889 —
279 857 287 902 l
296 857 367 915 σῶμα
376 854 465 902 έλειπιν
474 850 546 913 (loll,
559 853 697 901 comaclum
709 851 734 901 in
744 850 896 915 apograph03
907 849 975 900 allud

188 928 253 987 σῶμ·
267 923 398 973 terreno.
413 948 446 959 -·
464 929 479 972 a
499 922 647 985 παρακάτθεο
669 922 798 985 (superius
813 921 893 985 posita
904 921 976 971 litera

188 994 219 1055 α)
239 993 299 1043 cod.
316 1014 327 1035 ιι
344 996 372 1043 ln
386 995 464 1057 ψυχὴν
481 995 504 1042 έν
519 993 623 1055 χείρεσσι
644 992 711 1042 color·
726 994 765 1042 eal
775 991 887 1041 biblicus.
901 991 974 1043 Cunl.

189 1066 239 1115 not.
251 1064 282 1114 ad
292 1077 347 1115 mea
357 1064 448 1115 Aneod.
461 1066 480 1114 t·
494 1065 538 1124 IV,
554 1077 579 1128 p.
593 1067 648 1114 asa.
662 1082 674 1107 ι
694 1065 726 1113 Β.

220 1205 314 1256 DGXO.
337 1209 459 1256 Lemma:
480 1207 512 1262 είς
532 1206 627 1255 Πυθίαν
650 1205 702 1254 τινὰ
723 1206 843 1267 σοριστήν.
866 1233 897 1241 -
914 1210 928 1255 3
943 1209 975 1263 ὡς

189 1275 257 1325 Plan.
271 1278 296 1325 et
305 1274 378 1336 cod..
393 1275 438 1326 sed
449 1274 490 1325 hic
503 1275 668 1338 superscripto
680 1276 743 1335 ὅστ’,
754 1279 779 1325 et
795 1275 883 1326 deinde
895 1278 976 1340 ἔλαχες

189 1346 271 1407 έμαθις
285 1346 337 1397 sine
350 1346 379 1396 τ’.
396 1366 407 1389 ι
426 1345 510 1396 Μειδίαν
529 1345 605 1396 νοτίαν
618 1345 655 1396 sic
668 1345 747 1410 posita
762 1367 768 1395 ι
783 1347 837 1397 ὅσσ*
853 1348 935 1410 ipsit:
954 1348 976 1397 τ’

190 1416 271 1478 Ιλσχές
285 1433 310 1467 τι
325 1417 407 1480 φύσει,
428 1429 485 1481 γοα
506 1420 611 1467 saturn
628 1429 739 1467 mrrrrere
757 1415 852 1477 hahes,
867 1432 976 1482 praeque

190 1485 311 1537 discendo
321 1489 492 1552 acquisivisti.
507 1487 586 1537 Nolim
596 1487 660 1536 enim
671 1486 773 1550 jungere
787 1500 844 1536 cunr
855 1488 976 1538 Brunclio

190 1559 256 1620 φύσει
270 1563 337 1620 μῆτιν
353 1557 489 1620 πανάριστε.
505 1578 517 1600 ιι
534 1560 589 1607 Jae.
608 1559 662 1607 lloc
673 1560 756 1607 lamen
774 1557 883 1620 praetulit
897 1558 974 1609 Balsa.

190 1627 293 1679 anthim
305 1628 357 1678 θσσ’
366 1629 446 1692 έλαχές
458 1628 487 1691 τ’,
501 1628 585 1691 έμαθές
599 1645 624 1677 τε
636 1629 712 1692 φύσει.

222 1771 328 1822 Dcxcr.
344 1772 462 1820 Lemma:
477 1772 510 1827 εἰς
530 1771 712 1833 Καλλικράτειαν
732 1777 832 1832 γυναῖκα
851 1771 975 1834 Ζήνωνος,

190 1842 305 1904 ἣτιςπρύς
320 1843 443 1899 Ἄλκηστιν
463 1842 643 1904 παραθαλλεται.
663 1842 672 1897 l
681 1841 807 1891 Glossalor
824 1846 853 1892 ut
871 1842 897 1890 iu
915 1841 975 1891 cod.

191 1911 321 1967 δλκιστιν.)
333 1932 344 1953 ι
360 1911 467 1961 Historia
479 1912 569 1974 ignota,
579 1924 625 1961 nec
635 1911 693 1974 quis
704 1915 768 1962 Zeno
781 1912 822 1964 ille
832 1913 905 1963 luerit
918 1926 977 1963 oon-

191 1982 249 2030 stal.
263 1983 325 2029 Eum
335 1979 446 2043 conjugis
459 1979 588 2030 devotione
602 1994 633 2030 err
645 1980 787 2031 imminente
801 1982 860 2032 vitre
869 1982 978 2046 periculo

191 2053 317 2100 serratum
336 2063 391 2099 esse
402 2063 430 2099 err
453 2048 493 2099 his
509 2050 622 2100 versibus
643 2052 722 2116 mlligi
744 2055 834 2116 potest.
851 2074 862 2097 ιι
877 2055 932 2103 Jac.
946 2080 978 2091 -

193 2121 318 2177 τδλιιιστις
339 2119 402 2169 Cod.
415 2147 446 2157 —
458 2128 471 2171 2
485 2121 521 2171 sio
535 2123 608 2172 etiam
621 2123 730 2187 optimus
745 2124 818 2176 Paris.
834 2124 976 2186 Planudere,

191 2190 216 2242 in
227 2204 276 2253 qua
291 2191 475 2254 vulgassemus:
488 2195 619 2255 ἐδεθίγμην.
632 2201 683 2245 —d
693 2197 828 2262 προύκρινεν
837 2198 894 2261 έμόν
903 2197 976 2258 (Μελ,

191 2263 265 2326 cujus
274 2264 299 2312 iu
308 2276 383 2325 marg.
396 2263 456 2327 sigla
468 2265 611 2325 σημείωσιν.

222 2405 426 2455 DXClLLemma
437 2421 442 2449 ἱ
452 2408 484 2463 εἰς
495 2409 605 2457 Γλύκωνκ
615 2411 766 2472 [Ιιργαμηνιλν
775 2411 883 2469 ἀθλητήν.
897 2430 907 2452 ι
922 2411 978 2474 Gly-

191 2475 492 2608 ιέινριίιρραιλρριιῖἓέίαέρῑσ
514 2477 607 2528 risisse
630 2478 755 2541 probabile
769 2483 807 2530 est
826 2494 855 2531 er
878 2481 978 2531 Horatio

262 2584 267 2594 .
302 2584 308 2606 ‚
337 2580 344 2608 ,
406 2585 411 2595 .

246 2679 293 2722 ltsc
303 2679 354 2734 quia
368 2678 475 2734 desperes
485 2679 565 2723 inrlcti
576 2680 680 2724 membra
690 2682 809 2736 Glyconis,

246 2740 334 2785 llorlosu
345 2752 429 2798 corpus
443 2742 500 2785 nutis
512 2741 633 2797 probibere
644 2743 750 2799 podagra.

177 2861 261 2910 ·conl.
276 2862 385 2926 Lessing.
396 2866 432 2913 De
445 2863 585 2927 epigramm.
601 2868 663 2928 Opp.
677 2864 726 2914 rol.
737 2868 803 2925 Vlll,
817 2881 840 2929 p.
854 2875 900 2918 aaa
908 2884 976 2934 seqq.

192 2930 233 2981 ad.
245 2931 346 2982 Lachm.
364 2953 375 2975 ι
395 2935 448 2983 dac.
469 2960 501 2970 -
514 2942 537 2984 a.
556 2937 688 2998 Πάμμαχσι
709 2936 752 2998 qui
778 2938 853 3001 vulgo
874 2954 976 3004 pancra-

192 3001 283 3052 tiaste.
294 3033 325 3044 -
340 3006 363 3052 3.
377 3002 465 3062 Ἄτλας,
476 3003 540 3052 conl.
554 3004 673 3067 Antiparr.
686 3006 768 3056 Sidou.
779 3009 821 3066 Vl,
833 3022 872 3072 ep.
886 3017 941 3072 aaa,
954 3020 977 3064 a.

191 3094 223 3109 -
236 3076 284 3133 ta
297 3071 425 3122 versusita
434 3072 577 3137 legebantur
590 3075 702 3125 mutatia
715 3077 834 3128 salmasio
847 3093 853 3122 τ

254 3215 341 3281 έρῤοντι
351 3222 398 3266 τῶν
406 3234 432 3266 τε
446 3216 555 3280 πρόσθεν,
564 3218 610 3267 alr’
618 3219 642 3268 ἐν
653 3219 758 3282 Ἰταλοῖς,

253 3288 279 3336 αθ
291 3289 312 3337 θ’
328 3289 419 3338 Ἐλλάδι
431 3288 567 3350 τὸπρῶτον,
578 3290 635 3340 ulr’
647 3292 671 3341 έν
682 3291 761 3342 Ἆσίδι.

204 3443 219 3455 -
231 3423 245 3467 5
258 3417 334 3467 ἑλλάδι
348 3420 376 3468 τὸ
388 3425 480 3482 πρῶτον
490 3420 564 3481 eod.;
581 3441 616 3478 τις
628 3424 733 3486 έπρωσεν
753 3427 797 3476 aul
812 3445 845 3484 τις
861 3428 978 3492 ίστρενσεν

192 3487 338 3552 conjiciebat
351 3490 459 3548 danaber
477 3495 597 3556 τρσπωτὸν
616 3496 728 3546 Baiterus
744 3497 776 3547 ud
797 3500 889 3549 Horatii
908 3500 923 3549 1.
935 3500 976 3551 cit.

191 3573 218 3623 ρ.
234 3563 294 3617 atr,
310 3559 439 3623 probatum
457 3563 553 3611 Pioeolo
565 3566 591 3613 ct
608 3567 731 3629 Heclero;
747 3567 787 3617 bic
801 3572 882 3618 tumen
897 3575 979 3632 poste-

192 3630 245 3679 rius
259 3649 265 3678 :
278 3650 289 3671 ιι
300 3632 370 3680 Nunc
388 3632 469 3681 minus
483 3632 607 3695 probabile
621 3634 715 3695 habeo,
732 3637 799 3699 quod
817 3638 864 3687 hoc
876 3640 976 3702 adjecti·

192 3714 251 3749 rum
269 3700 392 3750 notionem
402 3703 600 3766 prosternendi,
615 3719 671 3769 quae
682 3707 713 3757 de
726 3708 817 3759 athleta
826 3712 898 3760 unire
911 3715 976 3776 apta,

192 3784 240 3821 non
263 3770 378 3820 rideatur
396 3772 541 3824 adsciscere.
559 3775 597 3824 Ad
616 3775 682 3826 illam
700 3780 845 3830 sententiam
869 3783 977 3845 proxime

192 3838 286 3890 aceedit
296 3840 402 3891 lacobsii
417 3860 451 3899 τις
465 3844 578 3907 ἔτρωσεν.
596 3845 644 3895 Sed
656 3847 726 3911 longo
742 3848 834 3900 leniore
848 3863 922 3912 opera
939 3866 976 3902 re-

191 3922 270 3974 ponas
282 3913 412 3973 spousrn'r.
431 3933 442 3956 ιι
458 3913 531 3971 Quod
545 3916 635 3979 recepi,
652 3914 784 3976 husitans3
804 3920 849 3970 sed
866 3921 897 3970 dc
913 3936 978 3984 pro·

192 3984 274 4034 strato
284 3996 332 4033 nun
343 3986 382 4035 cst
393 3982 564 4048 cogitandum3
577 3987 598 4036 si
606 4001 664 4037 vera
677 3988 809 4052 scriptura,
827 3991 933 4055 intelligo
945 4007 978 4041 ne

188 4056 348 4119 propulsum
364 4055 416 4106 siro
433 4056 578 4120 impulsum
597 4058 702 4123 quidem
712 4061 823 4119 ‚medum
837 4063 931 4113 rictum
947 4065 979 4114 ab

191 4125 239 4176 illis
248 4126 403 4178 adversariis.
416 4128 504 4177 Boias:
519 4148 531 4172 ιι
543 4130 633 4193 Scripsi
646 4132 742 4181 ‘aaran
755 4135 921 4197 καταστρωτδν
935 4149 979 4199 pro

192 4198 291 4263 uulgato
312 4201 339 4248 τδ
358 4204 458 4261 πρῶτον.
472 4221 483 4242 ιι
500 4200 546 4249 Cui
566 4200 677 4264 rhythmi
695 4203 764 4253 haud
782 4205 874 4257 lavent.
895 4207 977 4258 Both:

193 4288 204 4311 ι
220 4270 284 4332 Lego
297 4271 423 4332 ιραπητδν,
438 4270 463 4318 in
478 4271 564 4335 lugam
579 4273 767 4336 conjiciendum.
783 4296 795 4319 ι

222 4419 355 4469 nexerit.
375 4421 498 4469 Lemma:
520 4421 638 4484 ίαμὸικύν
655 4425 687 4479 εἰς
701 4425 804 4485 ναυαγόν
820 4443 872 4475 τινα
886 4428 976 4488 Γλῆνιν,

191 4485 280 4537 deinde
290 4489 423 4538 cannellata
432 4510 438 4538 ι
448 4492 480 4546 εἰς
494 4508 583 4552 παρησι
595 4497 632 4551 (ω
644 4493 725 4555 posito
734 4508 807 4558 super
821 4498 850 4557 η)
861 4499 975 4560 τεθαμμέ-

190 4573 239 4615 ror,
250 4557 361 4620 apposita
372 4559 433 4621 sigla
445 4561 515 4616 ζήτει.
532 4564 557 4610 tn
570 4563 697 4612 tumulum
712 4564 855 4629 piscatoris,
865 4580 939 4628 quem
953 4569 977 4618 in

191 4640 252 4690 rupe
264 4627 373 4689 piscibus
382 4629 538 4680 insidiantem
551 4632 617 4682 unda
627 4633 756 4694 dejecerat.
769 4663 801 4672 -
811 4644 824 4687 2
834 4641 905 4701 πικρὴ
914 4639 975 4689 cod.

190 4726 220 4738 -
235 4702 260 4745 a.
278 4715 289 4739 ιι
303 4699 340 4754 Ἐξ
348 4700 418 4761 ἄκρης
431 4699 576 4763 ἀπορρῶγας·
587 4717 644 4765 quar
654 4705 726 4754 series
739 4710 797 4757 nota
806 4707 975 4769 piscatoribus.

189 4767 251 4818 vida
264 4780 317 4818 mea
331 4768 476 4819 arlTbeocr.
493 4774 556 4832 ΧΧΙ,
571 4777 602 4824 42
615 4774 654 4823 od.
670 4789 718 4825 sec.
733 4796 744 4819 ν
763 4780 792 4826 li.
807 4802 838 4815 -
849 4784 871 4829 t.
891 4801 903 4823 ι
914 4785 976 4832 Ver·

190 4838 253 4890 batia
266 4851 385 4904 paragoge
399 4840 533 4902 εὐεργέτης,
549 4845 695 4908 συνεργέτης,
706 4845 773 4908 quod
790 4847 872 4909 ipsum
885 4865 933 4900 non
943 4853 976 4902 le·

190 4908 263 4973 gitur,
277 4907 320 4959 secl
336 4909 493 4973 apollonides
507 4911 568 4962 lrinc
579 4913 723 4975 produxisse
741 4915 848 4977 videtur,
859 4923 884 4970 et
896 4924 976 4984 aptius

191 4978 222 5027 ad
231 4979 376 5031 sententiam
389 4983 506 5045 putoque
515 4996 540 5032 m
553 4983 620 5045 quod
629 4983 726 5033 Jacobs.
744 4988 849 5050 conjecit
861 5007 974 5054 συνεργα.

190 5051 262 5110 στής,
277 5051 633 5116 quiasignilrcauturejusclom
652 5055 712 5105 artis
727 5056 836 5120 opifices,
852 5060 877 5109 lri
893 5065 976 5113 autem

189 5120 282 5185 έργσὶται
299 5121 425 5185 dicuutur,
452 5137 499 5174 non
525 5127 647 5189 ἑργαστιιί.
661 5148 672 5170 ιι
701 5127 804 5178 tabeel.
831 5133 973 5197 paralipom.

187 5204 223 5257 gr.
238 5205 262 5256 p.
282 5196 337 5243 437.
351 5194 477 5246 Hectoras
492 5215 498 5246 r
515 5216 526 5238 ι
546 5196 593 5246 Vix
612 5202 693 5248 tamen
708 5199 851 5252 crediderim
868 5206 974 5267 συνεργή-

755 359 1012 423 llN'l'liOLOGlAE
1033 358 1237 422 PALATINAE

1019 510 1060 551 της
1069 506 1157 545 sanum
1168 507 1232 545 esse.
1250 496 1332 553 Quum
1350 495 1415 546 euim
1428 495 1549 561 adpotus
1566 496 1653 556 ἰούσης
1665 500 1808 551 νομοθεσία

1020 564 1044 612 iu
1054 564 1145 616 Codice
1162 565 1197 616 ita
1211 566 1301 631 scripta
1317 566 1367 617 siut
1386 569 1415 617 ut
1429 566 1453 617 in
1469 568 1527 626 ήτης
1541 567 1581 618 rel
1593 568 1656 627 είτης
1677 569 1807 632 desinant,

1020 633 1067 684 boc
1075 635 1129 686 loco
1140 636 1274 700 σννιργίτης
1284 636 1466 687 restituendum
1475 640 1537 701 puto
1546 641 1554 699 t
1562 638 1675 702 exempla
1687 639 1807 702 addens).

1020 707 1137 757 ceterum
1155 707 1238 772 paullo
1255 706 1374 757 audactus
1387 707 1481 759 dietum
1494 714 1577 773 χῶσαι
1587 708 1620 759 de
1633 709 1714 774 lapide
1725 713 1810 776 sepul·

1019 778 1094 836 crati.
1111 792 1190 842 quum
1203 778 1234 829 de
1244 778 1336 830 tumuli
1348 779 1425 831 humo
1434 777 1483 830 dici
1499 780 1586 832 soleat.
1597 801 1611 825 ιι
1621 781 1701 832 Boias.
1716 796 1747 832 es
1761 784 1810 834 alia

1020 848 1128 899 tacobsii
1145 849 1287 914 conjectura
1301 849 1373 906 ὅσσος
1385 849 1415 910 ἦν
1425 852 1562 914 συνεργέτινς
1575 850 1632 913 (rel
1650 855 1809 917 συνιργὰτης)

1019 919 1083 975 λαός.
1100 922 1163 984 Apte
1172 921 1377 984 comparaturep.
1395 924 1449 980 295,
1466 925 1514 970 to:
1535 921 1696 986 συνιργασίνης
1710 924 1805 987 istaes

1020 990 1066 1038 λων
1081 989 1169 1047 θίασος.
1182 1016 1213 1027 ·-
1226 997 1249 1041 θ.
1267 992 1295 1041 ln
1307 991 1376 1053 θρμιή
1391 989 1572 1041 mediaveealls
1588 990 1651 1042 rdet
1663 992 1776 1056 produci.

1052 1129 1178 1180 bexerv.
1198 1133 1300 1181 Lemma
1322 1151 1328 1179 ι
1347 1133 1379 1189 εἰς
1398 1131 1584 1195 Φιλοπράγμονα
1597 1132 1658 1181 τινά·
1671 1133 1809 1193 δνσνύητον.

1020 1201 1083 1249 Sane
1105 1200 1219 1263 quidem.
1246 1200 1267 1250 si
1288 1214 1332 1264 pro
1360 1202 1489 1266 ἐπιτυμδίῳ
1507 1201 1682 1265 epigrammate
1702 1202 1809 1267 babeas,

1020 1269 1089 1332 quod
1102 1270 1173 1335 louge
1187 1285 1259 1322 secus
1272 1274 1317 1322 est.
1343 1292 1354 1314 ι
1367 1275 1403 1322 De
1415 1273 1490 1322 beroe
1504 1272 1715 1337 Pbilopregmone,
1733 1288 1810 1338 quera

1021 1345 1093 1405 poeta
1102 1342 1162 1393 dicit
1173 1343 1316 1407 rogantibus
1330 1344 1427 1394 lebcern
1439 1343 1550 1395 laborum
1561 1357 1704 1395 successum
1717 1344 1807 1410 imper·

1021 1414 1077 1476 tire,
1099 1414 1159 1464 nibil
1175 1414 1274 1466 aliunde
1296 1416 1402 1465 oorrstat.
1421 1416 1517 1467 lluncri
1536 1415 1597 1466 satis
1616 1415 1749 1480 respondet
1768 1431 1811 1469 uo

1021 1498 1085 1535 men.
1109 1487 1211 1535 liemon
1231 1485 1318 1536 similis
1339 1485 1416 1536 luisse
1437 1485 1537 1535 ridetur
1557 1487 1700 1551 Πρηξιδίκη,
1714 1487 1746 1539 da
1759 1502 1810 1552 qua

1022 1554 1137 1619 Hesych:
1150 1557 1250 1617 δαίμονά
1259 1557 1311 1607 τινα
1321 1574 1377 1621 ρασι
1388 1558 1430 1616 τὴν
1440 1558 1521 1621 ὥσπερ
1530 1558 1596 1613 τέλος
1609 1559 1750 1608 ἐπιτιθεῖσαν
1760 1567 1811 1617 τοῖς

1022 1645 1046 1677 τι
1060 1631 1191 1691 λεγομένοις
1206 1630 1247 1679 καὶ
1262 1631 1437 1694 πραττομένοις·
1450 1630 1538 1678 διὸκαὶ
1552 1629 1582 1678 τὰ
1600 1629 1725 1692 ἀγάλματα
1738 1647 1811 1694 κερα-

1021 1697 1062 1751 λας
1074 1699 1186 1759 γίνεσθαι,
1198 1700 1277 1748 καὶτὰ
1289 1700 1381 1763 θύματα
1399 1700 1494 1760 ὁμοίως,
1511 1720 1523 1741 ιι
1536 1702 1595 1749 dac.
1612 1699 1685 1751 Plura
1701 1701 1725 1750 in
1734 1701 1811 1751 Thea.

1022 1780 1046 1817 v.
1058 1770 1193 1831 Πραξιδίκη.
1204 1776 1256 1821 —2
1268 1770 1320 1820 πότ’
1331 1770 1405 1829 teste
1419 1772 1523 1832 κείμενος
1538 1771 1601 1831 (sic)
1612 1770 1684 1829 θοᾶς
1698 1772 1742 1822 aad
1757 1775 1812 1823 ιιεί.

1023 1856 1093 1901 paror
1103 1839 1137 1889 ibi
1145 1839 1242 1904 legebat
1257 1840 1369 1901 Salmas..
1386 1862 1397 1883 ι
1412 1840 1478 1904 quod
1491 1840 1587 1900 lenius;
1600 1841 1644 1891 sod
1661 1843 1735 1893 etiarn
1749 1844 1811 1894 illud

1022 1911 1078 1961 terri
1092 1914 1182 1975 potest.
1199 1932 1211 1956 ιι
1230 1915 1288 1963 dus.
1309 1941 1338 1951 -
1358 1918 1373 1964 a
1392 1914 1466 1963 έκεῖνο
1480 1912 1553 1975 cod,
1579 1926 1644 1963 corr.
1659 1915 1761 1965 Salmm.
1781 1946 1811 1958 -

1022 1987 1046 2031 tr.
1061 1982 1139 2032 Salem
1154 1982 1178 2032 ln
1192 1983 1235 2033 abr
1244 1984 1282 2033 sol
1296 1983 1413 2034 latentem
1424 1997 1496 2034 nemo
1511 1997 1561 2034 non
1577 1984 1674 2044 sentiet,
1691 1985 1755 2037 unde
1769 1990 1810 2038 to.

1021 2055 1076 2105 tum
1086 2052 1235 2117 epigramma
1244 2053 1329 2104 ironias
1336 2055 1443 2106 oolorem
1453 2054 1554 2118 accipit.

1054 2194 1169 2244 bexev.
1183 2196 1283 2245 Lemma
1297 2215 1303 2244 r
1319 2197 1351 2251 εἰς
1364 2195 1472 2245 Karalus
1486 2196 1528 2253 την
1542 2196 1659 2258 σώρρονα.
1673 2199 1772 2262 imagini
1785 2200 1810 2250 in

1022 2264 1118 2315 tumulo
1126 2265 1213 2329 posita
1222 2266 1400 2330 subscriptum,
1409 2269 1439 2316 ut
1450 2265 1555 2316 ridetur.
1563 2274 1614 2320 —a
1624 2270 1689 2328 ἢτοῦ
1699 2271 1810 2334 σώματος

1024 2337 1101 2387 Plan:
1111 2337 1202 2401 quibus
1215 2339 1317 2389 Salmas.
1328 2339 1442 2403 ascripsit
1453 2359 1459 2387 r
1470 2359 1482 2381 ι
1495 2342 1625 2403 προσώπου
1639 2355 1664 2390 r.
1677 2355 1699 2391 c.
1712 2344 1778 2393 Fert.
1794 2348 1810 2404 δ

1022 2414 1062 2465 τῆς
1072 2410 1156 2470 atsur.
1168 2429 1181 2452 ι
1194 2408 1267 2467 Quod
1280 2410 1416 2460 brunellus
1424 2410 1502 2460 edidit
1513 2412 1613 2462 tacitus.
1628 2432 1640 2455 ι
1651 2413 1688 2463 λθ
1704 2415 1809 2464 membr.

1023 2478 1151 2529 lectionem
1170 2479 1271 2544 propius
1290 2480 1390 2531 accedet
1411 2484 1426 2539 ἢ
1444 2483 1624 2546 πρισωπάτων,
1639 2484 1664 2534 iu
1681 2498 1731 2547 qua
1750 2499 1809 2536 rore

1023 2547 1124 2610 ploratis
1137 2562 1182 2612 pro
1196 2550 1311 2613 singulari
1323 2550 1424 2609 dicitur.
1437 2555 1466 2602 ut
1479 2553 1601 2604 Homerus
1614 2554 1732 2616 πρόσωπα
1740 2555 1807 2607 baud

1024 2633 1074 2668 uuo
1087 2620 1141 2670 loeo
1154 2619 1185 2670 de
1198 2622 1273 2671 unlus
1289 2620 1398 2672 hominis
1406 2635 1450 2671 ore
1463 2621 1532 2672 dirit.
1544 2623 1551 2688 [
1561 2624 1665 2675 Botbius
1674 2626 1781 2678 malebat
1794 2632 1809 2687 ἡ

1023 2691 1198 2755 προσωτάτω]
1208 2696 1347 2743 Sensusest
1362 2711 1367 2742 ι
1386 2694 1452 2743 Obiit
1465 2694 1580 2757 quidem,
1594 2696 1638 2746 sed
1652 2698 1739 2746 animae
1755 2699 1809 2759 ejus

1024 2760 1182 2825 pulchritudo
1200 2763 1308 2813 noscitur
1320 2763 1401 2813 adhuc
1417 2763 1551 2814 virtutibus
1572 2765 1705 2821 (virtutum
1720 2767 1809 2829 quibus

1024 2832 1112 2881 claruit
1120 2833 1499 2897 memoriat‚magisetiamquam
1510 2835 1559 2884 oris
1572 2835 1718 2886 formositas.
1730 2859 1741 2881 ιι
1749 2840 1807 2889 duc.

1023 2903 1071 2952 Sed
1085 2903 1109 2955 in
1118 2902 1183 2952 notis
1190 2917 1249 2952 mss.
1266 2918 1322 2953 cum
1332 2905 1451 2955 Brunclio
1458 2900 1586 2969 distinguit
1593 2910 1649 2969 post
1658 2908 1808 2973 γνωρίζεται,

1024 2973 1134 3038 subjecta
1149 2974 1196 3024 lrac
1214 2975 1369 3037 coniectura:
1387 2998 1398 3019 ι
1413 2979 1526 3027 Fortasse
1540 2992 1545 3020 ε

1086 3098 1172 3158 Ψυχῆς
1185 3097 1209 3145 dl
1219 3096 1302 3154 κάλλος
1312 3102 1354 3147 τοῦ
1364 3099 1492 3161 προσώπου
1505 3098 1608 3147 κεἰλλιον,
1625 3119 1637 3142 ιι

1053 3236 1180 3286 bcxevl.
1191 3238 1290 3286 Lemma
1303 3250 1309 3279 ῐ
1324 3239 1357 3293 εἰς
1368 3237 1467 3299 έλατυρον
1477 3240 1635 3299 κρεμασθέντα
1645 3239 1718 3290 διὰτὸ
1734 3241 1808 3303 έρίσκι

1022 3308 1156 3365 Ἀπόλλωνι,
1169 3307 1249 3364 θμοιον
1258 3307 1267 3367 (
1274 3308 1361 3368 δμοίως
1370 3308 1425 3357 Juc.
1434 3307 1444 3369 )
1452 3313 1486 3365 τῷ
1498 3311 1611 3372 Μαρσύου
1620 3310 1629 3371 (
1637 3310 1737 3379 Μαρσύᾳ
1745 3313 1808 3369 lac..

1022 3378 1342 3441 assumpseramus).
1357 3398 1369 3421 ιι
1377 3380 1448 3429 Errat
1463 3383 1550 3429 auctor
1563 3380 1695 3431 lernmatr's.
1707 3382 1809 3444 Satyrus

1022 3449 1107 3499 illoest
1121 3450 1229 3510 Marsyas
1239 3447 1378 3512 ipseconl.
1392 3453 1454 3512 app.
1468 3449 1677 3513 prorepere.
1690 3452 1809 3516 Nymphae

1023 3523 1143 3583 Marsyam
1152 3519 1177 3569 br
1190 3520 1248 3583 pinu
1259 3533 1407 3583 suspensum
1415 3520 1506 3583 lugent.
1515 3523 1616 3572 Frustra
1625 3521 1770 3587 interpretes
1784 3525 1808 3574 ln

1022 3591 1069 3640 boe
1080 3591 1186 3641 carmine
1210 3591 1311 3661 ironiam
1331 3590 1506 3653 quaesiverunt.
1521 3594 1591 3651 Quos
1603 3592 1672 3653 laisa,
1690 3607 1765 3658 quarn
1778 3596 1809 3647 da

1023 3663 1119 3723 ltarsya
1128 3660 1283 3717 imbiberant.
1296 3660 1378 3723 opinio
1388 3661 1479 3712 leiellit.
1496 3664 1549 3713 Non
1562 3664 1757 3715 oontemnendus
1768 3666 1808 3716 ille

1022 3734 1075 3780 orat
1083 3731 1193 3780 musicus
1201 3769 1206 3788 ,
1215 3731 1328 3792 quamvis
1337 3730 1396 3781 nibil
1407 3730 1439 3781 ad
1448 3732 1591 3794 Apollinem.
1601 3736 1660 3784 Jnc.
1668 3761 1699 3771 -
1711 3740 1720 3785 t
1732 3736 1808 3798 θηρίον

1022 3801 1093 3860 eod..
1108 3802 1150 3863 qrri
1164 3802 1244 3864 δέμας,
1260 3815 1308 3850 non
1324 3803 1419 3864 δέσμας.
1434 3804 1561 3855 Hecherus
1572 3807 1647 3871 δέρας,
1665 3826 1678 3848 ιι
1688 3805 1746 3869 quia
1757 3808 1808 3871 pel·

1022 3872 1052 3921 lia
1069 3872 1094 3921 iu
1113 3871 1172 3935 pinu
1191 3884 1311 3935 suspensa
1322 3876 1389 3931 erat,
1406 3886 1455 3923 non
1472 3873 1596 3939 integrum
1615 3888 1714 3940 oorpns.
1731 3898 1744 3922 ιι
1760 3879 1807 3936 Qui

1023 3944 1120 4003 poetam
1133 3941 1232 4004 corrigit
1251 3942 1294 3990 σύν
1308 3944 1439 4003 εὐμούσως.
1455 3946 1569 4009 θήρειον,
1586 3959 1644 3996 nam
1656 3947 1737 4010 Satyri
1750 3952 1808 4000 sunt

1023 4014 1097 4073 θῆρες.
1109 4017 1164 4061 -3
1175 4013 1259 4073 αἰώρηι
1274 4011 1315 4062 hle
1329 4012 1390 4063 (lod.
1412 4014 1540 4079 Ἆνέρσιον,
1556 4017 1728 4081 periculosam,
1743 4019 1805 4070 lala·

1022 4080 1079 4131 lem.
1091 4110 1119 4122 -
1132 4087 1147 4130 l
1161 4082 1298 4140 κελαινήτην
1315 4083 1387 4142 eorl.;
1404 4087 1527 4135 κελαινίτιν
1546 4086 1615 4137 Plan.
1633 4091 1753 4152 «Πρῶνα,
1768 4104 1807 4139 ru·

1023 4164 1078 4214 pem
1096 4151 1161 4202 illam
1177 4152 1360 4216 proculdubio,
1381 4154 1425 4205 ubi
1438 4154 1573 4221 Nymphas
1587 4157 1701 4221 Μανεγα
1716 4172 1808 4210 umore

1023 4225 1138 4273 retentus
1157 4223 1291 4274 considere
1304 4227 1384 4289 poetas
1397 4227 1519 4287 dixerant,
1539 4227 1652 4280 tradente
1663 4230 1749 4281 Curtio
1761 4234 1806 4292 nr,

1026 4300 1068 4341 ι.ι
1084 4297 1269 4357 renarrans
1290 4295 1417 4347 habitabat
1434 4298 1538 4349 celenis
1554 4317 1561 4347 r
1578 4299 1807 4352 marturanensi

1022 4365 1133 4429 Xenopb.
1155 4366 1248 4430 Erped.
1266 4369 1301 4430 (1,
1322 4368 1375 4431 2‚§
1394 4371 1425 4427 θ)
1437 4372 1455 4418 t.
1471 4372 1491 4429 1,
1506 4385 1529 4432 p.
1556 4375 1592 4420 it.
1613 4372 1693 4423 schol.
1707 4373 1806 4423 warh:

1024 4438 1159 4491 Παυσανίας
1174 4439 1195 4497 l,
1212 4439 1237 4486 ε”
1257 4457 1268 4479 ι
1280 4438 1343 4487 έστιν
1361 4439 1398 4487 lrrl
1410 4439 1494 4499 πέτρας
1509 4442 1661 4504 καθεζόμενος
1680 4444 1806 4504 Μαρσύας,

1023 4524 1035 4548 ιι
1050 4507 1090 4554 καὶ
1103 4506 1224 4566 Ὄλυμπος
1241 4507 1297 4569 παρ’
1316 4509 1386 4558 strar
1399 4509 1483 4565 παιδός
1493 4511 1556 4560 ἐστιν
1567 4513 1655 4579 ὡραίου
1667 4514 1709 4562 καὶ
1726 4513 1806 4564 atina

1023 4596 1035 4620 ιι
1053 4577 1219 4640 διδασκομένου
1233 4584 1316 4641 σχῆμα
1325 4579 1395 4642 ἔχων·
1408 4583 1430 4629 ul
1442 4582 1466 4630 dt
1481 4582 1505 4630 έν
1515 4583 1638 4640 Κελαιναῖς
1652 4584 1742 4647 Φρύγες
1759 4586 1805 4635 lti-

1023 4666 1035 4689 ι
1051 4648 1118 4696 λουσι
1140 4648 1182 4709 μὲν
1200 4650 1314 4712 ποταμὸν,
1333 4650 1358 4706 ὃς
1370 4651 1475 4708 διέξεισιν
1495 4654 1574 4709 αὐτοῖς
1591 4653 1630 4703 διὰ
1646 4660 1688 4712 τῆς
1702 4655 1806 4717 πολεως,

1022 4736 1035 4761 ιι
1050 4717 1137 4767 ἐκεῖνον
1156 4735 1214 4767 ποτε
1235 4720 1294 4768 εἶναι
1309 4721 1349 4770 τὸν
1361 4722 1470 4780 αὐλητήν·
1497 4723 1601 4774 ἐθέλουσι
1623 4725 1648 4775 δὲ
1661 4725 1701 4774 καί
1717 4727 1807 4790 ιύρημα

1024 4807 1036 4830 ιι
1053 4789 1112 4838 εἶναι
1134 4794 1177 4838 τοῦ
1192 4790 1305 4854 Μαρσύου
1317 4792 1344 4840 τὸ
1358 4794 1472 4857 Μητρῷον
1494 4794 1597 4857 αὔλημα·
1611 4797 1667 4858 φασὶ
1684 4797 1709 4847 δὲ
1722 4800 1753 4853 rb:
1765 4800 1806 4848 καί

1022 4879 1034 4903 ιι
1049 4861 1091 4918 τὴν
1106 4862 1216 4909 Γαλατῶν
1241 4860 1377 4911 ἀπώσαιντο
1397 4865 1519 4927 στρατιὰν,
1535 4871 1577 4915 τοῦ
1594 4868 1706 4931 Μαρσύου
1728 4870 1807 4933 σρίσιν

1024 4948 1036 4971 ιι
1050 4930 1089 4978 lrrl
1107 4930 1162 4985 τούς
1182 4930 1311 4993 βαρθέρους
1325 4933 1391 4982 ύθατί
1407 4951 1432 4983 τε
1451 4936 1478 4984 έκ
1491 4941 1533 4986 τοῦ
1554 4944 1662 5001 ποταμοῦ
1684 4943 1725 4989 καὶ
1743 4944 1806 5004 μέλει

1023 5020 1035 5041 ιι
1052 5006 1100 5062 τῶν
1117 5002 1194 5049 αὐλῶν
1210 5001 1348 5061 ἀμύναντας.
1370 5024 1381 5046 ι
1395 5006 1475 5054 Boias⁴
1490 5032 1520 5043 -
1535 5016 1549 5058 ο
1566 5010 1611 5066 τὼς
1619 5010 1692 5068 πάρος
1707 5014 1733 5061 et
1748 5030 1807 5062 τεν-

1020 5072 1119 5134 separas
1129 5073 1296 5136 (superposito
1305 5074 1349 5137 θα)
1362 5074 1453 5125 Codex.

993 5158 999 5250 l
1050 5209 1188 5260 Dexevn.
1207 5212 1306 5261 Lemma
1323 5234 1328 5262 ι
1342 5215 1374 5270 εἷς
1384 5214 1493 5275 Ἰωάννην
1503 5219 1542 5268 τὸν
1552 5220 1575 5275 ἐξ
1584 5220 1725 5282 Ἐπιδάμνου
1735 5223 1808 5281 fissus
