4000 5952
658 395 824 456 JACOBSII
844 394 1131 457 PROLEGOMENA
1153 394 1356 455 BREVIORA.

214 527 296 603 pictae
315 527 426 597 aliusve
438 525 543 585 similis
558 528 656 604 operis
678 526 845 605 praestantia
868 526 904 584 ad
924 526 989 584 lau·

214 612 278 671 dem
300 612 363 690 ejus
374 613 556 690 auctorisque
571 614 699 672 excitare
723 611 862 671 debebat!
880 614 913 673 ln
927 634 988 671 mo·

214 702 360 759 numeratis
383 714 477 759 autem
502 701 713 779 sepulcralibus
736 713 808 778 quot
831 714 859 759 et
882 715 989 778 quanta

214 788 321 845 fuerint
335 788 370 845 ad
380 789 516 851 commoti
529 789 653 866 pectoris
664 808 764 847 sensus
778 788 989 867 expromendas

214 872 417 948 invitamenta,
442 876 513 951 quid
534 878 635 935 attinet
653 876 765 934 dicere?
789 876 859 946 Quae
889 877 988 933 omnia

213 974 280 1020 sunt
306 961 467 1039 ejusmodi,
494 978 526 1024 ut
550 978 653 1042 sponte
678 977 815 1042 appareat
841 964 988 1040 quomodo

212 1051 316 1108 factum
331 1050 368 1110 sit
382 1065 414 1110 ut
427 1051 594 1130 ἐπίγραμμα,
611 1052 689 1128 quod
709 1073 726 1110 a
740 1051 818 1108 nuda
837 1056 986 1109 nominum

212 1140 484 1197 commemoratione
495 1153 638 1217 coeperat,
651 1140 720 1197 satis
739 1151 849 1197 mature
869 1151 989 1213 angusta

211 1224 318 1303 quihus
329 1225 532 1285 continebatur
546 1228 670 1286 claustra
684 1243 874 1303 perrumpere
893 1224 988 1298 gesti-

210 1327 254 1372 ret
267 1328 312 1384 et,
327 1314 515 1392 quantumvis
538 1313 656 1389 exiguis
679 1311 788 1370 linibus
802 1313 988 1369 circumscri-

210 1414 309 1479 ptum,
324 1403 360 1460 ad
380 1403 521 1480 poematis
538 1415 633 1459 tamen
658 1400 771 1457 laudem
797 1412 826 1456 et
850 1400 986 1458 virtutem

211 1490 380 1567 adspiraret.

251 1575 309 1632 Diu
324 1587 420 1632 tamen
443 1575 474 1632 in
490 1575 545 1633 hoc
565 1593 669 1651 genere
691 1573 804 1651 priscus
827 1573 877 1631 ille
897 1576 987 1651 color,

212 1661 308 1738 prisca
324 1660 496 1738 simplicitas
507 1661 646 1730 obtinuit,
662 1661 701 1717 ita
714 1673 745 1717 ut
759 1661 865 1738 poetici
881 1661 987 1720 coloris

211 1747 323 1805 lumina
345 1750 372 1806 ei
388 1749 505 1806 nonnisi
521 1768 632 1807 summa
646 1768 710 1805 cum
730 1749 919 1824 temperantia
934 1749 984 1805 ad-

210 1833 388 1892 biberentur.
435 1834 525 1912 idque
540 1854 599 1892 non
612 1852 699 1892 unam
716 1833 754 1891 ob
771 1853 896 1892 causam.
915 1837 986 1894 Loci

208 1923 285 1980 enim
302 1922 349 1979 cui
365 1921 505 1980 destinata
521 1922 634 1979 fuerant
648 1921 870 1996 epigrammata,
887 1923 961 1980 ratio
977 1943 984 1982 a

208 2009 287 2067 basis
309 2022 409 2068 statuae
431 2011 593 2084 angustior,
619 2007 698 2085 cippi
721 2027 788 2065 area
807 2028 866 2065 non
888 2009 985 2067 admo·

208 2098 276 2156 dum
292 2099 428 2175 spatiosa,
441 2116 540 2172 margo
552 2095 680 2166 donarii,
690 2095 810 2154 effusam
824 2100 984 2156 orationem

208 2185 285 2241 intra
303 2186 397 2242 arctos
418 2185 489 2241 fines
504 2180 676 2253 cohibebat;
693 2202 840 2260 quumque
863 2184 927 2261 ipsa
940 2205 986 2245 res

208 2271 370 2347 postularet
398 2283 446 2341 ut,
473 2289 531 2345 qua
552 2268 588 2326 de
602 2288 688 2326 causa
713 2270 892 2346 epigramma
913 2286 987 2330 esset

209 2357 353 2431 additum,
368 2358 430 2414 sine
447 2376 526 2413 mora
542 2356 764 2430 intelligeretur,
779 2376 844 2415 cum
865 2358 920 2416 hoc
940 2360 986 2437 ip·

208 2463 284 2519 sum,
303 2458 362 2502 tum
375 2446 424 2521 pia
441 2444 556 2501 donarii
572 2455 622 2501 aut
641 2445 819 2501 monumenti
836 2446 986 2523 epigram-

211 2544 284 2589 mate
300 2531 424 2589 ornandi
439 2527 591 2589 destinatio
607 2544 635 2587 et
648 2528 819 2589 brevitatem
841 2552 986 2591 commen-

209 2616 295 2676 dabat
307 2633 335 2676 et
350 2617 537 2676 ambitiosum
557 2629 703 2689 ornatum,
726 2631 786 2676 uta
801 2637 833 2676 re
847 2620 985 2692 alienum,

209 2705 394 2785 praecidebat.
424 2710 528 2763 Verum
553 2724 589 2762 ex
613 2706 816 2781 antiquissimo
844 2707 898 2765 hoc
923 2709 986 2786 epi·

208 2807 397 2870 grammatum
428 2812 549 2868 genere,
577 2793 655 2867 quod
686 2806 775 2850 totum
800 2795 941 2871 pendebat
969 2817 985 2855 a

212 2880 300 2940 rebus
315 2901 379 2958 quae
402 2882 429 2939 ei
443 2881 586 2955 originem
603 2900 776 2957 causamque
791 2882 983 2959 praebuerant,

209 2970 359 3047 aliquanto
374 2982 438 3047 post
451 2969 529 3027 aliud
545 2983 587 3026 est
601 2981 733 3026 exortum
749 2988 852 3044 genus,
868 2972 986 3028 matoria

209 3057 282 3115 illud
295 3076 312 3114 a
326 3057 424 3134 priore
440 3078 496 3114 non
511 3056 677 3127 diversum,
694 3057 872 3116 lormahaud
886 3060 985 3135 paullo

206 3144 337 3203 liberius.
354 3144 515 3222 Coeperunt
526 3144 603 3202 enim
619 3145 753 3202 nonnulli
769 3145 804 3201 ad
824 3145 984 3223 priscarum

209 3232 324 3289 illarum
346 3233 569 3307 inscriptionum
594 3231 815 3289 similitudinem
839 3232 986 3310 epigram·

197 3332 283 3375 -ntata
300 3317 446 3389 scribere,
466 3338 525 3375 non
545 3318 600 3375 hoc
620 3318 743 3376 consilio
765 3332 798 3377 ut
818 3319 984 3394 ἀναθήμασιν

208 3424 242 3463 ea
257 3417 306 3463 aut
318 3405 512 3463 monumentis
527 3416 575 3461 aut
589 3406 659 3464 artis
673 3405 810 3482 operibus
824 3425 984 3464 accommo-

208 3493 327 3564 darent,
343 3490 392 3550 sed
403 3504 435 3549 ut
446 3494 477 3549 in
492 3490 542 3546 tali
556 3502 744 3565 argumento,
760 3492 838 3567 quod
853 3492 985 3569 ipsorum

209 3580 321 3639 animos
334 3578 370 3636 ad
391 3597 419 3636 se
440 3577 628 3647 advertisset,
645 3577 774 3635 suaviter
794 3591 821 3636 et
839 3580 987 3655 ingeniose

209 3667 351 3726 luderent.
378 3665 411 3723 ln
432 3664 577 3743 ejusmodi
602 3665 716 3724 lusibus
740 3666 826 3725 sicuti
847 3667 986 3744 princeps

208 3768 237 3815 et
250 3756 375 3832 genuina
393 3752 609 3832 epigrammatis
634 3753 726 3811 forma
749 3755 860 3813 servari
875 3753 984 3827 debuit,

1752 395 1814 475 xvij

1033 525 1094 583 haec
1108 527 1272 603 principem
1289 526 1383 584 locum
1409 539 1484 585 tenet
1509 526 1581 585 illud
1600 546 1705 603 genus,
1731 529 1813 606 quod

1034 630 1131 670 rerum
1142 631 1159 668 a
1172 612 1284 689 poetica
1295 613 1467 671 tractatione
1479 615 1695 691 quodammodo
1708 615 1811 674 abhor-

1034 698 1159 756 rentium
1172 699 1258 776 eique
1271 699 1470 775 renitentium,
1485 702 1742 760 instrumentorum
1758 724 1811 782 po·

1035 789 1178 847 tissimum
1203 788 1300 845 curnis
1321 790 1435 863 generis
1456 792 1570 853 curiosa
1593 793 1813 849 enumeratione

1033 877 1199 934 continetur
1211 890 1249 951 et,
1266 875 1335 933 licet
1354 895 1430 933 verae
1449 879 1547 955 poesis
1570 892 1619 936 aut
1637 898 1742 957 parum
1763 893 1812 937 aru

1033 963 1106 1021 nihil
1131 964 1250 1034 habeat,
1275 964 1435 1022 artificiosa
1459 978 1553 1023 tamen
1577 968 1810 1026 tenuissimarum

1032 1072 1129 1111 rerum
1144 1053 1336 1131 descriptione
1351 1054 1553 1131 sermonisque
1567 1055 1603 1111 ad
1619 1055 1683 1113 illas
1699 1074 1746 1114 res
1761 1077 1809 1114 or·
1872 1061 1874 1064 ’

1033 1141 1141 1199 nandas
1156 1142 1271 1217 egregie
1296 1141 1468 1199 conformati
1491 1141 1604 1199 delectu
1625 1144 1738 1218 placere
1753 1162 1812 1219 po·

1032 1240 1095 1286 lest.

1071 1313 1136 1371 lam
1151 1333 1221 1371 vero
1236 1314 1304 1372 huic
1314 1335 1435 1393 poeseos
1446 1316 1543 1391 generi
1554 1319 1689 1391 por-odias
1700 1329 1813 1376 mature

1033 1402 1197 1476 adhaesisse,
1210 1415 1239 1459 et
1254 1402 1311 1459 fere
1321 1404 1407 1461 simul
1430 1424 1494 1461 cum
1505 1424 1539 1461 eo
1551 1417 1630 1462 natas
1643 1423 1713 1476 esse,
1726 1424 1812 1464 neruo

1035 1489 1188 1546 mirabitur
1222 1490 1274 1564 qui
1297 1488 1466 1547 Graecorum
1500 1492 1648 1564 ingenium
1678 1492 1810 1562 noverit,

1034 1594 1175 1651 qttorum,
1206 1587 1238 1631 ut
1264 1576 1415 1633 verissime
1448 1575 1615 1634 observavit
1640 1578 1810 1638 Welcker·us

1033 1660 1082 1739 (in
1123 1659 1245 1720 eruditis
1287 1660 1323 1717 ad
1354 1660 1550 1736 Thengnidem
1592 1662 1811 1739 prolegomenis

1033 1768 1061 1824 p.
1080 1746 1209 1822 LXXX),
1243 1747 1380 1805 universa
1398 1749 1459 1805 vita
1480 1767 1686 1826 sermonesque
1710 1770 1810 1809 omnes

1032 1835 1224 1910 atqueomnia
1236 1835 1374 1892 convivia
1388 1834 1575 1913 parodiarum
1591 1835 1704 1894 lusibus
1717 1840 1810 1895 abun·

1032 1921 1149 1980 dabant,
1169 1922 1243 1979 ilinc
1256 1914 1388 1980 exortum
1400 1936 1443 1981 est
1463 1941 1553 1999 genus
1567 1925 1808 2001 epigrammatum

1032 2014 1197 2083 σκωπτικῶν,
1213 2011 1291 2087 quod
1307 2011 1417 2069 seriore
1431 2031 1510 2084 aevo,
1527 2032 1703 2090 quamquam
1724 2015 1808 2073 etiam

1032 2100 1208 2175 antiquitus,
1223 2098 1273 2156 sed
1289 2099 1399 2161 seriore
1412 2100 1549 2177 inprimis
1566 2120 1645 2176 aevo,
1666 2102 1686 2160 i.
1702 2120 1727 2161 e.
1741 2116 1809 2179 post

1031 2206 1119 2245 aeram
1137 2185 1335 2258 christianam,
1346 2187 1387 2245 ita
1401 2187 1610 2264 frequentatum
1626 2202 1711 2267 atque
1725 2210 1808 2248 exor·

1032 2287 1131 2331 natum
1151 2286 1203 2345 est,
1229 2286 1261 2331 ut
1282 2286 1310 2331 et
1330 2273 1400 2330 olim
1423 2287 1450 2331 et
1471 2274 1561 2332 hodie
1583 2296 1701 2353 quoque
1724 2279 1811 2353 longe

1032 2359 1166 2435 plurimi,
1187 2379 1276 2436 quum
1303 2359 1517 2437 epigrammatis
1544 2363 1719 2419 mentionem
1746 2363 1811 2421 fieri

1031 2446 1166 2517 videant,
1189 2447 1327 2503 contiuuo
1349 2446 1460 2521 aliquid
1474 2447 1552 2522 quod
1571 2448 1662 2504 risum
1677 2462 1807 2524 moveat,

1031 2534 1105 2593 sales
1118 2548 1146 2591 et
1161 2534 1299 2603 dicteria,
1314 2532 1371 2590 sibi
1387 2534 1485 2591 animo
1501 2534 1621 2608 lingant.

1071 2621 1119 2680 Est
1134 2634 1228 2679 autem
1239 2619 1320 2679 aliud
1333 2631 1472 2697 praeterea
1487 2639 1595 2695 genus,
1610 2639 1626 2677 a
1642 2621 1810 2697 praeceden-

1031 2708 1110 2768 tibus
1124 2709 1293 2780 diversum,
1306 2710 1357 2765 sed
1372 2727 1388 2765 a
1404 2704 1554 2765 veteribus
1568 2707 1697 2766 studiose
1710 2710 1809 2768 excul-

1032 2811 1112 2866 tum,
1128 2796 1206 2874 quod
1227 2796 1355 2852 medium
1374 2792 1591 2870 quodammodo
1605 2806 1649 2851 est
1668 2795 1745 2853 inter
1757 2797 1811 2853 ele·

1032 2884 1110 2960 giam
1123 2896 1151 2940 et
1172 2885 1351 2961 epigramma
1375 2879 1573 2952 lurdctucmc'v,
1588 2880 1687 2956 elegiae
1714 2893 1808 2941 tamen

1031 2972 1201 3049 plerumque
1222 2970 1359 3029 vicinius.
1375 2968 1623 3039 Quemadmodum
1639 2970 1716 3027 enim
1731 2970 1809 3030 inter

1031 3058 1196 3129 breviores,
1209 3072 1241 3117 ut
1252 3059 1305 3117 hoc
1317 3071 1392 3133 utar,
1404 3057 1664 3135 Propertiielegias
1677 3058 1807 3135 quaedam

1031 3147 1217 3224 reperiuntur
1239 3165 1303 3223 quae
1325 3145 1463 3203 obtutam
1479 3144 1660 3219 singularum
1683 3146 1809 3222 partium

1031 3234 1307 3305 conformationem,
1341 3246 1369 3290 et
1398 3233 1535 3310 inprimis
1567 3230 1606 3290 ob
1634 3232 1810 3291 viridiorem

1031 3322 1139 3379 exitum
1157 3321 1239 3379 facile
1250 3319 1467 3396 epigrammatis
1477 3319 1662 3376 annumerari
1677 3320 1808 3397 possint,

1031 3409 1070 3463 ita
1086 3407 1161 3464 iuter
1179 3407 1325 3480 poematia
1348 3425 1412 3482 quae
1435 3405 1466 3462 in
1486 3405 1651 3479 Florilegiis
1666 3406 1810 3482 epigram·

1031 3506 1138 3550 matum
1152 3493 1301 3568 leguntur,
1315 3492 1455 3550 amatoria
1475 3490 1626 3567 inprimis,
1641 3493 1809 3551 convivalia
1885 3501 1889 3508 '

1031 3582 1063 3637 et'
1080 3578 1270 3649 sententiosa,
1293 3576 1370 3634 haud
1391 3596 1482 3654 pauca
1500 3574 1643 3633 habentur
1665 3596 1730 3652 quae
1751 3600 1808 3656 pro

1031 3666 1131 3741 elegiis
1153 3664 1260 3722 habere
1279 3677 1308 3723 et
1330 3685 1395 3721 cum
1420 3664 1585 3722 Mimnermi
1608 3664 1732 3741 alicujus
1757 3683 1807 3726 aut

1030 3751 1148 3810 Solonis
1168 3763 1198 3808 et
1212 3749 1396 3825 Theognidis
1419 3747 1539 3827 ἐλεγείοις
1558 3750 1709 3808 commode
1730 3773 1807 3811 con-

210 3844 252 3903 sic
266 3863 282 3902 a
296 3843 394 3921 prisco
408 3855 437 3901 et
450 3841 577 3918 simplici
589 3842 729 3900 orationis
738 3861 842 3917 genere
856 3862 987 3902 necessa·
1027 3838 1152 3917 jungere
1163 3838 1269 3916 possis.
1316 3840 1349 3897 tlt
1361 3836 1450 3914 hujus
1463 3837 1579 3913 quidem
1592 3840 1706 3915 generis
1721 3840 1815 3918 longe·

201 3932 254 4010 ‚rio
270 3930 461 3991 recedendum
475 3929 541 3990 fuit.
575 3930 608 3987 ln
620 3928 728 3989 talibus
740 3930 829 4006 igitur
842 3932 986 4009 epigram·

209 4019 295 4077 ruatis
309 4038 398 4095 quum
411 4016 531 4075 uberior
550 4017 593 4075 rei
616 4018 772 4095 expositio,
795 4021 923 4077 narratio
935 4038 984 4077 ex·

208 4106 355 4182 plicatior‚
371 4106 464 4164 oratio
477 4103 611 4163 floridior
625 4103 721 4162 locum
740 4103 869 4177 haberet,
891 4119 984 4164 ortum

209 4210 252 4255 est
265 4195 338 4254 illud
353 4213 443 4271 genus
455 4193 550 4272 quod,
565 4212 655 4271 quum
677 4194 874 4267 ἀναθηματικὸν
899 4195 987 4252 vellet

208 4283 318 4355 videri,
337 4301 439 4340 revera
451 4280 623 4341 ὄπιδεικτικὸν
640 4281 705 4340 fuit.
723 4281 796 4340 Huic
812 4283 923 4358 generi,
939 4284 986 4341 cui

205 4368 267 4446 jam
281 4367 447 4427 Simonides
461 4370 577 4427 videtur
599 4369 777 4447 praelusisse,
795 4370 916 4446 plurimi
935 4389 985 4428 na·

208 4470 314 4515 varunt
326 4476 454 4534 operam.
486 4456 520 4514 Et
533 4476 621 4533 quum
639 4469 703 4534 pust
716 4454 874 4514 Alexandri
888 4456 985 4532 lllagni

208 4544 374 4622 imperium,
399 4543 487 4603 rebus
499 4563 552 4622 per
566 4556 653 4602 totam
676 4542 817 4600 Graeciam
831 4542 986 4601 vehemen-

210 4642 254 4688 ter
275 4630 450 4699 immutatis,
478 4630 575 4707 poesis
591 4648 708 4707 quoque
730 4648 833 4686 novam
849 4631 986 4707 quodam·

210 4717 296 4777 modo
311 4719 435 4796 speciem
452 4735 620 4794 novumque
634 4716 742 4775 cultum
754 4717 936 4795 sumpsisset,
955 4719 986 4776 in

210 4822 268 4881 quo
280 4805 475 4883 simplicitatis
487 4804 615 4882 quaedam
626 4804 769 4863 affectatio
784 4824 850 4863 cum
865 4824 987 4883 operosa

210 4892 376 4973 eruditione
390 4891 546 4968 conjuncta
559 4904 632 4961 erat,
655 4893 695 4949 ita
715 4903 747 4950 ut
763 4892 847 4950 multi
874 4893 988 4953 curiose

209 4978 328 5037 mallent
347 4978 428 5055 loqui
443 4997 527 5055 quam
552 4977 639 5051 bene,
654 4992 806 5056 coeperunt
820 4977 907 5037 scribi
926 4981 987 5058 epi·

1031 3928 1176 3986 maximus
1188 3945 1225 3984 ex
1242 3927 1323 3984 omni
1339 3927 1397 3983 fere
1412 3939 1492 3984 aetate
1506 3945 1644 3985 uumerus
1660 3927 1696 3985 ad
1710 3941 1810 3988 nostra
1839 3958 1842 3963 »

1032 4015 1172 4093 temporis
1185 4027 1317 4073 servatus
1339 4027 1397 4085 est3
1419 4015 1450 4072 iu
1472 4035 1530 4092 quo
1551 4015 1678 4091 plurima
1691 4030 1759 4073 sunt
1780 4031 1808 4075 et

1033 4101 1215 4161 inventionis
1237 4100 1323 4159 laude
1344 4104 1517 4179 conspicua,
1541 4114 1569 4158 et
1590 4103 1730 4160 orationis
1751 4104 1811 4162 ele-

1033 4191 1131 4266 gantia
1145 4189 1399 4267 praestantissima,
1422 4190 1531 4267 quibus
1549 4188 1662 4264 jactura
1677 4208 1764 4265 quam
1777 4193 1808 4249 in

1032 4280 1169 4357 elegiacis
1193 4278 1296 4356 optimi
1321 4279 1375 4335 aevi
1399 4279 1493 4355 poetis
1515 4279 1649 4348 fecimus,
1666 4278 1807 4352 quodam·

1032 4367 1118 4425 modo
1126 4366 1292 4436 resarcitur,
1301 4364 1432 4439 idqueeo
1443 4365 1542 4441 magis,
1553 4382 1611 4439 quo
1620 4364 1813 4426 verisimilius

1032 4467 1074 4513 est
1085 4455 1162 4512 baud
1178 4470 1269 4531 pauca
1283 4452 1315 4508 in
1333 4451 1371 4508 iis
1385 4469 1421 4507 er
1439 4448 1652 4527 limpidissimis
1667 4454 1806 4512 vetustio-

1033 4561 1097 4600 rum
1112 4540 1306 4617 elegiacorum
1331 4536 1461 4596 lontibus
1482 4537 1604 4596 deducta
1627 4552 1655 4596 et
1679 4537 1810 4601 derivata

1032 4647 1104 4688 esse.

1074 4714 1139 4774 Jam
1152 4713 1353 4792 reputantibus
1368 4712 1453 4773 nobis
1474 4725 1581 4792 quanta
1597 4714 1684 4773 fuerit
1695 4735 1748 4793 per
1763 4728 1809 4775 to·

1033 4815 1090 4863 tam
1106 4802 1248 4862 Graeciam
1260 4800 1298 4860 ab
1312 4802 1514 4879 antiquissima
1524 4814 1606 4859 aetate
1618 4799 1807 4879 publicorum

1033 4890 1273 4969 privatorumque
1292 4892 1386 4948 omnis
1415 4890 1529 4966 generis
1552 4902 1807 4949 monumentorum

1034 4979 1127 5058 copia,
1138 4977 1268 5056 equibus
1279 4978 1406 5056 plurima
1417 4974 1658 5056 inscriptionibus
1669 4976 1818 5035 instructa.

210 5080 369 5141 grammata
390 5086 455 5144 quae
481 5067 562 5124 nulla
590 5085 622 5124 re
650 5067 741 5142 magis
765 5087 851 5144 quam
873 5082 935 5126 arte
961 5082 990 5127 et
1034 5067 1124 5126 fuisse
1144 5077 1274 5136 constat,
1302 5062 1431 5122 dubitari
1455 5083 1512 5121 non
1536 5074 1631 5139 potest
1655 5081 1815 5120 numerum

209 5151 344 5212 doctriua
356 5153 487 5230 conspici
509 5166 538 5211 et
548 5152 744 5213 commendari
760 5153 877 5211 vellent.
907 5155 988 5213 luter

1035 5154 1275 5232 epigrammatum
1287 5150 1420 5211 versibus
1428 5163 1633 5229 conceptorum
1649 5168 1709 5209 non
1722 5149 1811 5209 fuisse
