4020 5946
196 322 256 382 358
753 317 1006 380 ANTHOLOGIAE
1028 316 1230 377 PALATINAE

191 453 249 512 ἀλλ’
262 452 305 512 ἐπὶ
314 451 514 530 Θερμοπύλαισι
527 450 557 508 τθ
571 451 700 530 Περσικὸν
714 451 782 519 ἔθνος
796 451 901 530 ἀμύνων

230 542 360 618 έδμοέθης,
372 539 493 620 πατέρων
506 539 628 612 ἁζόμενος
641 540 750 617 νόμιμα.

298 718 301 725 ·
410 691 478 741 438.
501 680 744 740 semirutum

190 818 276 879 Ὠλεο
290 819 321 891 δὴ
337 821 457 898 πατέρων
469 821 529 899 περὶ
542 819 620 891 ληΐδα
632 820 677 878 καῖ
690 819 738 892 σὺ,
756 819 890 899 Μαχιέτα,

232 906 323 987 δριμὺν
336 909 377 966 ἔπ’
393 910 517 973 Αἰτωλοῖς
530 908 672 988 ἀντιφέρων
684 908 809 984 πόλεμον,

191 995 347 1076 πρωθήθας
361 994 476 1074 χαλεπὸν
488 995 538 1073 γὰρ
550 994 682 1073 ’λχοιιῖκδν
695 996 775 1073 ἄνδρα
791 999 882 1067 νοῆσαι

233 1085 353 1161 ἄλκιμον,
366 1087 400 1151 εἰς
416 1083 507 1145 πολιὰν
522 1084 590 1152 ὅστις
606 1083 689 1162 έμεινε
704 1083 791 1163 τρέχα.

420 1235 488 1284 439.
510 1226 738 1285 (studiturus.

194 1361 274 1422 Οὕτω
286 1363 317 1433 δὴ
333 1362 432 1422 Πύλιον
447 1362 490 1421 τδν
503 1361 652 1441 Ἀγήνορος,
663 1364 752 1442 οῖκριτε
768 1367 871 1444 Μοῖρα,

232 1447 330 1529 πρώϊον
345 1448 371 1516 ll
384 1448 452 1520 ἥθας
464 1448 567 1529 έθρισας
580 1450 704 1521 Αἰολέων,

194 1538 286 1613 Κῆρας
298 1537 472 1594 ἐπιστώσατο
487 1534 543 1612 βέου
556 1536 641 1603 κύνας.
650 1527 688 1597 Ὦ
700 1538 791 1609 πόποι,
807 1538 873 1615 ἀνὴρ

232 1616 282 1691 οἷος
296 1624 430 1704 ἆμειδήτῳ
444 1633 528 1684 κεῖται
543 1624 612 1705 ἕλωρ
627 1622 718 1706 Ἀέδῃῖ

313 1770 382 1820 440.
406 1762 573 1821 Amullius
595 1763 847 1821 ΤΑΡΑΝΤΙΝΟΥ.

193 1894 297 1976 Ἠρέον,
308 1888 360 1969 οἷον
371 1897 444 1956 νυκτὶ
459 1898 660 1979 καταφθιμένοιο
674 1899 813 1969 καλέπτεις

233 1983 332 2058 ὀστέον,
342 1982 407 2056 οέην,
419 1987 489 2063 γαῖ’,
501 1986 649 2065 ἀμφέχανες
662 1987 777 2063 κεφαλήν
787 1993 793 2045 l

193 2072 290 2131 πολλὸν
304 2070 350 2149 μέν
366 2070 496 2140 ξανθαῖσιν
509 2072 682 2153 ἀρεσκομένου
696 2074 853 2152 Χαρίτεσσι,

235 2160 333 2218 πολλοῦ
346 2160 368 2217 δ’
381 2161 408 2217 έν
423 2161 514 2239 μνήμῃ
527 2168 606 2219 πᾶσιν
619 2160 839 2242 Ἀριστοκράτους.

153 2279 168 2316 5
193 2246 271 2333 ᾝδει
285 2246 486 2326 Ἀριστοκράτης
497 2250 542 2306 καὶ
557 2249 663 2327 μεέλιχα
677 2250 872 2328 δημολογῆσαι,

235 2337 383 2418 [στριθλὴν
395 2341 442 2398 οὐκ
453 2340 532 2419 ὀφρὺν
546 2342 635 2407 ἐσθλὸς
649 2342 833 2421 ἐφελκόμενος·

193 2426 250 2507 ᾔδει
265 2426 311 2486 καὶ
327 2426 441 2507 Βάκχοιο
454 2426 526 2506 παρδι
540 2431 669 2507 κρητῆρος
684 2428 790 2507 έδηριν]

233 2516 317 2572 ἰθῢναι
330 2514 418 2586 κεένην
433 2513 559 2573 εθκιέλικα
572 2514 675 2586 λαλιήν·

193 2600 251 2681 ᾔδει
264 2603 309 2661 καὶ
324 2600 426 2671 ξείνοισι
439 2604 482 2661 καῖ
499 2603 633 2680 ἐνδήμοισι
644 2603 777 2682 προσηνέσι

142 2717 169 2756 10
236 2692 329 2770 έρδειν.
342 2694 401 2752 Γαῖ’
412 2691 506 2767 ἐρατὴ,
518 2699 586 2752 τοῖον
601 2690 669 2769 ἔχεις
683 2691 813 2771 φθίμενον.

428 2841 497 2891 441.
520 2829 752 2890 ΑΡΧΙΛΟΧΟΥ.

171 2953 174 2958 ’
195 2961 327 3043 Ὑψηλοθς
338 2961 492 3040 Μεγάτιμον
507 2958 712 3040 Ἀριστοφέωντιῖ
725 2982 754 3018 τε
769 2957 855 3027 Νάξου

235 3054 335 3126 κέονας,
349 3042 371 3112 d
384 3053 486 3131 μιγέλη
496 3051 558 3132 γαῖ’,
570 3051 706 3132 ὑπένερθεν
719 3051 799 3130 ἔχεις.

317 3178 322 3195 ’
426 3203 494 3253 ιιι.
518 3191 742 3253 mironisor.

196 3333 362 3414 Εθθυμιῖχων
377 3334 475 3411 ἀνδρῶν
491 3333 666 3409 μνησώμεθα,
681 3336 732 3391 τῶν
747 3332 790 3392 tte
804 3331 916 3408 τέμόος,

236 3419 261 3481 oi
274 3422 350 3481 θάνον
363 3419 478 3497 εὔμηλον
491 3419 610 3501 ῥυόμενον
621 3419 735 3498 Τεγέαν,

197 3508 327 3589 αἰχμηταὶ
341 3508 393 3588 πρὸ
407 3510 520 3585 πέληος,
533 3505 576 3567 ἵνα
592 3508 665 3587 σφέσι
681 3507 717 3585 μὴ
733 3508 874 3579 καθέληται

236 3594 335 3662 Ἑλλὰς
347 3594 523 3676 ἀποφθιμένου
535 3595 627 3673 κρατὸς
639 3593 793 3674 έλευθερέαν.

197 3808 243 3859 Sed
253 3808 331 3870 endu,
345 3807 433 3858 OEtoeis
444 3811 526 3857 Persas
534 3807 592 3857 dum
605 3808 712 3858 trucibus
723 3825 806 3870 arces,

231 3889 351 3955 Missaque
362 3904 406 3955 per
415 3888 561 3955 multosjura
569 3890 643 3940 tueris
655 3907 720 3941 auos.

483 3999 542 4054 438.
561 4015 694 4048 omont.

198 4110 235 4155 Tu
247 4119 343 4172 qaoque
354 4104 422 4160 dum,
436 4103 544 4169 patribus
557 4120 610 4170 quas
618 4103 683 4155 bello
698 4113 774 4168 parta,
788 4103 876 4159 tueris,

232 4189 308 4238 Fortis
322 4187 353 4237 ab
364 4187 442 4236 AEtolo
453 4189 533 4236 Marte
541 4186 654 4237 Machala
665 4187 743 4247 oadis;

198 4270 303 4320 Vixdum
315 4268 392 4335 puber
400 4266 487 4318 adhue.
499 4271 591 4317 Rarum
608 4277 644 4318 est
657 4278 684 4318 ut
695 4269 761 4318 miles
775 4268 875 4317 Arlueus

233 4351 310 4401 Possit
319 4350 350 4400 ad
359 4364 472 4399 annosam
483 4348 564 4398 virere
576 4349 696 4401 canitiem.

465 4460 523 4520 439.
539 4474 713 4508 rutenorum.

199 4565 292 4618 Sioeine
307 4566 332 4615 in
348 4563 456 4621 AEoliou,
470 4564 549 4631 Pylius
562 4582 634 4631 quem
644 4566 704 4616 serit
713 4570 816 4630 Agenor,

235 4652 315 4707 Parra,
330 4656 384 4696 tuos
390 4647 452 4711 juvit
464 4657 488 4697 te
500 4647 622 4697 stimulare
630 4664 715 4704 canes,
752 4664 764 4686 ⁴

201 4728 344 4780 Morborum
361 4730 505 4791 malesarta,
525 4728 610 4793 quibus
623 4729 741 4794 discerpta
754 4728 852 4792 juueuta
867 4730 920 4777 est!

235 4815 305 4861 Nune
321 4810 372 4859 Diti
384 4810 462 4876 prada
471 4820 504 4861 est
520 4827 526 4860 r
542 4819 566 4859 ut
577 4810 646 4857 modo
659 4817 761 4874 queantur
775 4812 837 4857 erat!

491 4926 548 4974 tto.
568 4922 687 4963 reustum.

456 4984 466 4999 0

203 5023 291 5088 Qualia
303 5024 423 5090 perpetuis
440 5021 545 5073 tenebris
556 5019 614 5084 tegis
625 5035 676 5068 osso
685 5055 692 5079 ‚
702 5016 870 5083 sepulchrum!

237 5109 373 5155 Haeserunt
383 5115 452 5155 terre
464 5105 553 5153 uiscera
567 5102 637 5167 quale
649 5104 733 5168 mpntt

1014 457 1058 508 sed
1071 458 1138 522 apud
1149 456 1321 520 Thermopylas
1337 455 1456 507 Persicam
1468 457 1568 519 gentem
1578 454 1698 518 repellens

1046 545 1200 605 domitores,
1213 548 1309 608 patrum
1321 543 1440 593 reveritus
1454 541 1565 591 instituto

1273 687 1328 733 438.
1345 684 1532 731 DAMAGETAE.

1016 822 1111 872 Poriisti
1123 835 1181 871 sane
1193 824 1291 884 patrum
1302 821 1326 870 in
1339 820 1437 885 praediis
1447 822 1476 869 tu
1485 832 1595 882 quoque,
1605 818 1729 877 llaebata,

1046 921 1101 957 aere
1114 907 1199 957 AEtolia
1208 920 1331 971 opponens
1344 909 1483 965 imitamen,

1017 994 1262 1059 imprimo-iuuenta:
1276 993 1376 1044 difficile
1387 992 1451 1043 enim
1462 995 1499 1042 est
1511 991 1643 1042 tdiaioum
1658 991 1739 1041 rirum
1751 1005 1793 1042 eo·

1048 1083 1150 1143 sortem,
1162 1082 1187 1132 in
1197 1095 1270 1131 ranos
1281 1082 1325 1145 qui
1337 1081 1454 1130 inarserit
1462 1079 1570 1143 capillos.
1710 1078 1794 1143 [pitane

1262 1227 1316 1273 439.
1329 1223 1549 1271 rflaonouluffi.

1018 1365 1057 1416 sio
1069 1378 1128 1415 saue
1138 1364 1232 1428 Pylium
1240 1364 1355 1427 agenoris
1364 1363 1451 1425 tilium,
1466 1363 1697 1414 nescia-diseemere
1710 1364 1794 1424 Paroa,

1048 1465 1132 1503 recens
1141 1466 1265 1516 egressum
1273 1452 1425 1515 pubertatem
1436 1450 1560 1501 messuisti
1571 1448 1781 1510 ea·AEoleusibus‚

1018 1543 1077 1591 Fata
1085 1540 1218 1589 immittens
1231 1539 1287 1589 ritae
1297 1553 1378 1589 canes.
1389 1541 1410 1588 0
1421 1539 1455 1588 dii
1464 1539 1625 1589 immortales!
1636 1538 1674 1587 vir

1048 1627 1127 1690 qualis
1138 1626 1375 1690 risus-expertijaoet
1385 1626 1467 1690 prmda
1476 1626 1586 1676 Plutoni!

1096 1838 1105 1851 .
1197 1771 1252 1816 440.
1269 1768 1413 1817 LEONlDAE
1430 1768 1606 1817 Tsufiutmt.

1019 1907 1202 1969 Osepulcrum,
1216 1907 1288 1969 quale
1300 1906 1392 1956 mortui
1404 1909 1475 1956 nnete
1487 1904 1615 1955 abscondis

1049 2008 1090 2054 os,
1100 1994 1184 2056 quale,
1193 2007 1209 2043 o
1218 1995 1306 2054 tellus,
1322 1993 1546 2043 biatu-tuoeiuxisti
1556 1995 1630 2055 caput

1019 2082 1125 2133 multum
1140 2081 1240 2145 quidem
1252 2082 1321 2132 llario
1331 2082 1448 2146 placentis
1458 2082 1559 2143 Gratiis,

1049 2170 1169 2234 multique
1181 2172 1206 2220 in
1215 2170 1331 2220 memorio
1343 2170 1457 2221 omnibus
1471 2169 1632 2221 aristocratia.

1018 2260 1123 2310 Noverat
1133 2259 1293 2310 Aristocrates
1306 2261 1331 2308 et
1343 2259 1416 2309 dulce
1431 2258 1581 2318 ωιιιῖοιωιῖ,

1051 2346 1158 2411 [tortnm
1172 2361 1222 2396 non
1233 2347 1390 2409 supersilium
1402 2347 1489 2397 nobilis
1498 2344 1719 2408 qui-contraheret3

1018 2440 1119 2488 noverat
1128 2440 1152 2487 et
1161 2435 1250 2486 Bacchi
1264 2436 1329 2500 apud
1341 2440 1447 2487 crateras
1459 2435 1691 2499 amuis-remotum]

1049 2538 1132 2588 regere
1141 2525 1208 2574 illum
1218 2527 1409 2588 aptum-poculis
1419 2539 1569 2583 sermonem;

1020 2617 1120 2663 noverat
1132 2615 1157 2662 et
1169 2613 1312 2679 inhospitas
1321 2616 1345 2662 et
1355 2612 1421 2662 eires
1430 2613 1560 2676 benignum

1051 2714 1177 2763 segetare.
1190 2702 1273 2751 Tellus
1285 2701 1408 2783 amabilis,
1419 2700 1492 2750 talem
1503 2698 1579 2750 babes
1590 2702 1724 2750 mortuum.

1271 2845 1324 2890 444.
1342 2841 1542 2891 luculloclll.

1020 2982 1101 3032 Celsos
1113 2979 1269 3042 Megatimum
1284 2977 1551 3041 Aristopboontemque,
1563 2979 1620 3028 Nati

1050 3069 1187 3126 columnas,
1198 3080 1213 3115 o
1223 3078 1309 3129 magna
1318 3063 1406 3123 tellus,
1419 3062 1535 3113 ima-sede
1547 3063 1635 3113 babes!

1286 3207 1341 3253 lla.
1358 3203 1527 3252 stimulum.

1021 3341 1296 3406 adverse-pugnantium
1304 3340 1635 3400 rirorumsimuomemores‚
1644 3354 1750 3404 quorum
1758 3340 1800 3392 bio

1050 3431 1092 3493 qui
1104 3430 1216 3480 obierunt
1225 3443 1364 3494 pecnrmam
1371 3428 1531 3480 defendentes
1544 3431 1655 3492 Tegeam,
1665 3427 1798 3493 [tomulun

1021 3518 1150 3569 bellatores
1163 3533 1208 3583 pro
1217 3518 1291 3579 urbe,
1301 3532 1350 3581 quo
1361 3531 1392 3567 ne
1402 3517 1461 3580 ipsis
1471 3516 1576 3581 deripiat

1053 3607 1147 3656 Graecia
1158 3606 1189 3656 ab
1200 3607 1318 3655 exstineto
1329 3605 1407 3668 rapite
1420 3605 1564 3655 libertatem.

1024 3808 1095 3873 Quod
1106 3823 1174 3858 coma
1182 3807 1280 3857 flauenti
1291 3807 1382 3857 circum
1392 3807 1485 3857 relabat
1495 3807 1598 3867 astricto,

1056 3897 1180 3941 AEteruum
1191 3890 1271 3940 meriti
1281 3905 1383 3949 nomen,
1396 3890 1560 3940 Aristocratis.

1024 3977 1100 4023 Norat
1108 3973 1265 4024 Aristoemtes
1275 3971 1390 4039 populum
1403 3971 1509 4022 mulcere
1519 3972 1649 4038 loquendo2

1058 4057 1113 4105 Non
1127 4054 1226 4104 tetricus
1235 4062 1299 4103 torta
1309 4053 1373 4102 nube
1385 4052 1517 4119 supercilii.

1024 4141 1099 4188 Norat
1113 4147 1137 4186 et
1146 4138 1176 4185 od
1185 4135 1404 4187 ealieesbilaranlia
1415 4135 1488 4186 verba
1503 4135 1608 4202 proteri,

1057 4224 1086 4270 Et
1100 4219 1199 4269 miseere
1210 4220 1282 4275 sales,
1293 4219 1374 4268 etsine
1385 4219 1441 4268 lelle
1450 4218 1526 4284 jocos.

1024 4307 1100 4355 Norat
1111 4312 1135 4352 et
1149 4301 1281 4369 hospitibus
1291 4302 1350 4352 dare
1359 4318 1384 4351 se
1400 4303 1537 4369 pariterque
1552 4301 1681 4367 benignum

1057 4385 1153 4437 Civibus
1164 4400 1171 4435 t
1182 4384 1213 4434 ah
1225 4393 1306 4451 peetus
1317 4384 1387 4450 quale
1401 4384 1510 4434 recondit
1519 4384 1618 4435 liumus!

1307 4553 1364 4601 tta.
1383 4560 1519 4605 srnonroae,

1091 4700 1121 4751 de
1134 4700 1311 4753 Atheniensium
1323 4704 1450 4771 potissimis
1464 4701 1498 4753 nd
1511 4707 1613 4771 Tegeam
1629 4702 1736 4752 mortuis.

1027 4856 1082 4903 Nou
1093 4852 1202 4904 oblivisci
1214 4855 1282 4904 deret
1301 4854 1347 4904 bae
1359 4855 1445 4905 tellure
1458 4855 1588 4921 sepultam,

1061 4940 1120 5002 Qun
1129 4941 1226 5002 Tegeea
1236 4947 1304 4988 luens
1313 4939 1400 4989 maenia
1407 4939 1477 4988 turba
1490 4938 1563 5004 perit,

1027 5020 1068 5069 Nil
1078 5030 1180 5070 mortem
1193 5030 1315 5081 meluens,
1329 5029 1422 5086 poterat
1434 5019 1500 5085 queis
1509 5019 1600 5068 Graeeiu
1615 5019 1707 5075 lucem.

1060 5100 1106 5151 Sed
1118 5101 1255 5152 libertatem
1270 5103 1366 5151 demere
1376 5118 1424 5151 non
1435 5111 1539 5167 poterat.
