3986 5950
192 369 231 428 θθ
749 361 1004 423 ANTHOLOGIAE
1026 360 1230 422 PALATINAE

149 514 163 553 s
191 497 335 577 ἀσφαλέως·
346 489 419 574 οἶμαι
432 498 455 555 δ’
464 497 513 577 Ιὅτι
525 496 571 557 καῖ
584 496 674 555 πλέον.
687 493 767 553 ’Alii
778 491 906 571 τρύχαζε·

229 584 298 665 ὥρας
309 586 360 665 γὰρ
376 586 500 662 πέμπτης
513 585 607 648 πάντες
622 581 801 662 ἀθροιζόμεθα.

416 752 482 803 181.
498 740 738 802 massarius.

188 878 308 959 Ἔγνων,
323 878 352 938 ού
365 884 392 958 μ’
404 878 502 946 ἔλαθες·
517 879 543 937 τί
559 878 644 952 θεούς,
660 881 688 937 οὐ
704 878 756 957 γάρ
767 901 800 955 με
809 876 930 950 λέληθας·

227 969 318 1045 ἔγνων·
333 966 428 1043 μηκέτι
439 972 483 1025 νῦν
499 966 588 1045 όμνυε·
603 966 679 1024 πάντ’
692 966 798 1041 ἔμαθον.

187 1054 271 1115 Ταῦτ’
279 1048 322 1127 ἦν,
332 1057 419 1127 ταῦτ’,
430 1055 543 1133 ἐπίορκα,
553 1054 619 1131 μόνη
631 1053 662 1112 σθ
674 1056 766 1125 πάλιν,
778 1053 845 1130 μόνη
858 1053 948 1118 ύπνοῑς
955 1075 964 1123 ;

226 1141 369 1218 ὢτολμηςί
385 1142 430 1200 καὶ
444 1147 498 1215 νῦν,
513 1147 557 1199 νῦν
571 1141 610 1201 ἔτι
626 1141 706 1219 φησὶ,
723 1140 800 1217 μόνη.

186 1231 247 1308 Οὐχ
256 1232 270 1288 ὁ
279 1227 451 1306 περίὸλιπτός
460 1250 491 1286 σε
504 1229 611 1301 Κλέων,
623 1229 670 1285 κᾶν
680 1226 767 1305 μη...
778 1226 803 1283 τί
816 1225 838 1283 δ’
849 1227 964 1297 ἀπειλῶς

227 1316 300 1397 ίῤῥε,
316 1316 397 1374 κακδν
412 1316 501 1385 κοίτης
513 1314 614 1394 θηρίον,
629 1316 687 1395 ἔῤῥε
701 1315 791 1394 τοῖχος.

187 1404 282 1464 Καίτοι
295 1425 335 1461 σοι
351 1403 428 1463 δώσω
440 1403 552 1480 τερπνὴν
566 1403 653 1483 χάριν·
668 1395 716 1460 οἶδ’
728 1404 767 1460 ὅτι
783 1401 871 1481 βούλει

226 1502 309 1551 κεῖνον
325 1494 396 1571 δρᾷν·
410 1492 490 1549 αὐτοῦ
500 1491 605 1565 δέσμιος
621 1481 671 1548 dds
692 1491 764 1566 μένε.

363 1656 454 1708 «185.
479 1647 763 1707 cassaniam.

186 1791 233 1856 Είς
247 1785 342 1867 ἁγορδιν
357 1787 481 1866 βαδίσας,
498 1787 652 1865 Δημήτριε,
670 1790 738 1865 τρεῖς
746 1790 810 1865 παρ’
825 1785 951 1861 Ἀμύντου

222 1875 397 1954 γλαυκίσκους
408 1872 492 1947 αίτει,
512 1874 557 1933 καί
573 1875 636 1933 δέκα
651 1874 765 1954 φυκίδιοι·

185 1962 231 2021 καὶ
244 1961 327 2043 κυφίις
338 1962 447 2041 καρῖδας
462 1968 469 2039 (
480 1961 620 2038 ἀριθμήσει
635 1961 662 2018 δέ
676 1986 716 2021 σοι
728 1960 817 2039 αὐτός)

225 2048 307 2108 εἴκοσι
320 2049 366 2108 καὶ
378 2047 485 2126 τίτορας
497 2049 572 2126 δεῦρο
580 2046 670 2129 λαθὼν
682 2049 764 2106 ἄπιθι.

140 2200 143 2206 ,
187 2135 242 2194 Καί
254 2132 325 2211 παρὰ
339 2133 489 2211 Θαυὸορίοο
503 2135 614 2213 ῥοδίνους
627 2134 655 2201 ἒξ
669 2136 804 2216 πρόσλαύε

225 2222 270 2281 καί
282 2219 420 2301 Τρυφίραν
429 2221 530 2300 ταχέως
539 2226 566 2280 ἐν
580 2221 687 2301 παρόδῳ
701 2223 821 2282 κάλεσον.

396 2370 461 2422 186.
476 2361 753 2422 ΠΟΣΕΙΔΙΠΠΟΥ.

186 2506 235 2578 Μή
251 2530 284 2582 με
298 2507 368 2567 δόκει
379 2514 495 2576 πιθανοῖς
509 2514 614 2591 ἀπατᾷν
624 2510 764 2593 δοίκρυσσι,
776 2509 893 2571 Φιλαινί.

224 2585 303 2655 Οἶδα·
317 2600 398 2676 φιλεῖς
410 2597 461 2677 γὰρ
475 2596 542 2665 ὅλως
554 2599 645 2658 οὖδίνα
660 2604 746 2677 μεῖζον
759 2603 841 2675 ἐμοῦ,
858 2628 861 2634 ·

184 2686 274 2742 τοῦτον
288 2681 348 2741 ὅσον
361 2683 426 2765 παρ’
438 2686 496 2760 ἐμοὶ
508 2684 627 2744 κίκλισαι
636 2686 739 2765 χρόνον·
754 2687 810 2744 εἶδ’
825 2684 912 2766 ἕτερός
922 2709 951 2744 σε

224 2760 280 2850 ε’ίχτ
288 2817 296 2844 ,
312 2773 395 2851 φιλεῖν
407 2772 438 2829 ἂν
451 2770 514 2851 ἔφης
528 2776 616 2847 μεῖζον
630 2775 728 2831 ἐκεῖνον
741 2777 817 2850 ἐμοῦ.

407 2922 475 2973 18“1;
498 2915 741 2973 moissiaci.

185 3047 255 3108 Elrl
268 3050 422 3118 Δυκαινίδι,
435 3051 545 3130 Δορκάς·
556 3078 568 3105 ι
579 3049 630 3110 'll'
644 3055 679 3120 ὡς
693 3050 821 3126 ἐπίτηκτα
834 3055 945 3133 φιλοῦσα

224 3159 237 3189 ο
251 3133 331 3207 ἥλως·
351 3138 380 3195 ού
390 3136 498 3217 κρύπτει
509 3139 625 3199 πλαστὸν
639 3139 725 3221 ἔρωτα
738 3140 839 3220 χρόνος.
858 3167 870 3194 ο

430 3290 498 3341 188.
520 3282 726 3343 lausiaca.

184 3418 244 3477 Οθκ
256 3417 353 3478 ἀδικίω
364 3417 408 3477 τὸν
425 3414 547 3501 Ἔρωτα.
561 3425 584 3484 Γ
584 3421 671 3492 λυκύς·
689 3423 859 3504 μαρτύρομαι
877 3423 960 3496 αὐτὴν

225 3506 341 3586 Κύπριν·
358 3506 491 3585 βέύλημαι
507 3511 530 3568 δ’
547 3513 576 3569 ἐκ
590 3512 677 3570 δολίου
688 3512 789 3591 κίραος,

183 3594 229 3653 καί
242 3602 295 3660 πᾶς
308 3600 463 3674 τεφροῖνμαι·
478 3598 574 3674 θερμδν
589 3598 611 3656 δ’
629 3599 673 3658 ἐπὶ
684 3604 771 3679 θερμῷ
786 3601 869 3659 ἰάλλει

223 3679 367 3760 ἄτρακτον,
380 3684 457 3762 λωφᾷ
471 3682 492 3740 δ’
507 3685 560 3740 οὐδ’
574 3683 633 3744 ὅσον
648 3684 769 3748 tetoldi.

184 3766 232 3826 Χῶ
243 3765 334 3837 θνητδς
343 3766 387 3823 τὸν
401 3767 504 3845 ἀλιτρδν
517 3768 649 3828 -ἔοικεν
664 3774 755 3843 θνητὸς
766 3775 780 3829 δ
790 3771 901 3847 δαίμονι·

223 3851 341 3928 τίσομαι·
350 3853 489 3931 ἓγιιλήμων
502 3857 525 3914 δ’
536 3856 628 3933 ἔσσομ’
639 3858 803 3934 ἀλεξόμενος,

384 4004 453 4055 189.
476 3996 761 4055 ΑΣΚΛΗΠΙΑΔΟΥ.

183 4131 239 4201 Νύξ
254 4134 342 4215 μακρὴ
352 4134 398 4193 καί
407 4144 503 4215 χεῖμα,
518 4134 597 4211 μέσον
608 4133 630 4193 δ’
643 4134 686 4193 ἐπὶ
697 4133 816 4194 Πλειάδα
832 4134 908 4192 δύνει·

222 4216 298 4300 rediri)
310 4221 365 4302 πδιρ
379 4222 516 4303 προθύροις
532 4221 656 4298 νίσσομαι
670 4222 793 4299 ὑόμενος,

471 4514 526 4574 187.
542 4529 678 4563 ιιιιεοαι.

182 4643 261 4705 Quam
272 4640 334 4691 bene
347 4644 437 4694 Dorcas
448 4645 492 4707 ait,
501 4650 566 4696 Dum
575 4647 642 4714 fingis
651 4665 741 4710 amero,
754 4651 858 4717 Lyconi,

215 4727 388 4790 Deprensum
403 4741 451 4775 ιιοιι
469 4727 516 4777 lert
531 4739 639 4796 tempora
654 4732 725 4782 falsus
735 4748 811 4784 amor.

477 4883 532 4930 ι88.
551 4898 673 4932 cucumis.

181 5015 228 5061 Per
243 5015 369 5074 Venerem,
381 5014 501 5066 resdulcis
510 5022 595 5081 Amor,
605 5034 677 5083 quem
695 5019 780 5072 laedere
793 5024 879 5086 nolim,

216 5093 261 5143 Sed
273 5094 315 5160 qui
328 5110 367 5145 me
380 5095 445 5146 feriit
461 5096 565 5164 perfidus
577 5115 646 5149 arcus
657 5112 719 5153 erat.

1012 498 1161 560 castissime,
1175 498 1297 563 credoque
1309 500 1383 550 etiam
1395 501 1509 565 amplius.
1526 502 1575 552 Sed
1584 516 1686 556 curres

1042 588 1178 668 liora-enim
1191 590 1277 652 quinta
1292 603 1378 640 omnes
1386 604 1570 655 congregamur.

1280 751 1332 799 lsi.
1352 749 1518 798 MELEAGRI.

1010 879 1087 938 Novi3
1099 893 1149 930 non
1166 892 1207 931 me
1219 880 1321 932 latuisti.
1335 881 1402 939 Quid
1411 881 1470 932 deos
1479 881 1601 932 testaris?
1613 896 1662 933 non
1677 884 1741 934 enim
1752 899 1792 935 me

1040 966 1106 1017 nori.
1120 969 1156 1018 No
1165 969 1270 1032 amplius
1285 983 1351 1020 nunc
1360 969 1417 1031 ium
1430 991 1435 1019 ι
1446 969 1528 1019 omnia
1537 970 1602 1019 novi.
1663 969 1792 1035 [latuisli:

1010 1055 1792 1121 Hacerantigitumhrouperium?solaturursus,soladormis?

1040 1145 1062 1192 0
1075 1143 1218 1195 audaciam!
1228 1146 1253 1195 et
1262 1158 1335 1205 nunc,
1344 1158 1412 1195 nunc
1425 1144 1564 1207 adhaesit,
1574 1165 1586 1188 ιι
1597 1146 1655 1196 sola.
1669 1167 1681 1191 υ
1731 1161 1736 1169 ·

1009 1233 1063 1281 Nou
1075 1231 1215 1295 spectabilis
1226 1235 1251 1283 te
1267 1232 1423 1283 cleon...?ac
1438 1232 1460 1283 si
1471 1245 1548 1283 non...
1563 1233 1608 1284 sed
1623 1233 1683 1297 quid
1694 1235 1794 1285 minor?

1040 1317 1480 1383 abi‚melalcctibestla‚ahiocyus.

1010 1410 1085 1472 Atqui
1093 1408 1138 1459 tibi
1149 1409 1237 1473 largiar
1242 1409 1377 1472 iucundam
1385 1411 1486 1475 gratiam
1499 1431 1505 1460 ι
1519 1412 1570 1462 scio
1583 1414 1609 1462 te
1621 1413 1684 1464 velle

1041 1497 1270 1548 iiiumridere:hlc
1278 1498 1361 1548 vincta
1369 1499 1406 1548 sic
1414 1512 1494 1549 mane.

1261 1667 1312 1713 185.
1323 1663 1536 1714 ASCLEPIADAE.

1009 1801 1037 1849 In
1047 1799 1127 1848 iorum
1141 1811 1293 1864 progressus,
1304 1800 1419 1864 Demetri,
1429 1805 1481 1853 tres
1490 1801 1521 1852 ab
1534 1805 1638 1866 Amynta

1039 1887 1174 1951 glauciscus
1182 1890 1238 1950 pete
1250 1888 1367 1938 etdeoem
1382 1889 1511 1952 phycidia3

1009 1988 1039 2024 ao
1047 1974 1159 2038 gibbosas
1172 1974 1273 2038 squillas
1287 1976 1444 2036 (numerabit
1451 1980 1535 2027 autem
1550 1990 1593 2027 eas
1601 1978 1646 2028 tibi
1658 1978 1726 2042 ipse)

1039 2063 1125 2125 viginti
1136 2064 1161 2112 et
1169 2064 1289 2125 quattuor
1296 2062 1482 2126 ubi-sumpseris
1494 2063 1546 2115 huc
1554 2064 1615 2115 redi.

1010 2152 1065 2200 Eta
1076 2149 1216 2199 Thauborio
1228 2162 1340 2199 msacaas
1352 2163 1393 2200 sex
1402 2151 1588 2216 insuper-sume
1600 2165 1728 2219 coronas,-

1041 2236 1162 2301 [propere]
1171 2239 1196 2287 et
1204 2237 1355 2300 Trypheram
1368 2252 1444 2300 ocyus
1454 2240 1479 2289 in
1489 2240 1595 2291 transdu
1603 2254 1671 2291 roca.

1281 2384 1333 2431 lto.
1352 2381 1515 2430 Posruirpi.

1009 2519 1045 2567 Ne
1057 2530 1098 2567 me
1107 2520 1168 2581 puta
1180 2518 1385 2582 persuadentibus
1396 2518 1479 2570 saliere
1490 2519 1605 2582 lacrimis,
1618 2521 1726 2573 Philaeni.

1039 2602 1102 2652 Nori
1117 2616 1203 2653 :emas
1211 2604 1276 2653 enim
1289 2604 1389 2654 crimino
1404 2607 1526 2657 neminem
1534 2608 1613 2672 magis
1623 2622 1768 2672 quam-me,

1008 2687 1056 2740 hcc
1069 2690 1133 2740 omui
1144 2704 1194 2753 quo
1206 2690 1272 2753 apud
1281 2704 1321 2741 me
1332 2691 1410 2741 cubas
1418 2695 1543 2757 tempore3
1557 2695 1578 2745 si
1590 2708 1649 2746 aero
1658 2697 1722 2748 alius
1731 2700 1756 2748 te

1040 2777 1155 2839 haberet,
1169 2790 1251 2827 amare
1263 2777 1358 2829 diceres
1369 2778 1440 2830 illum
1450 2782 1527 2845 magis
1535 2795 1671 2849 quam-me.

1289 2924 1346 2971 187.
1363 2922 1530 2972 marcai.

1008 3059 1199 3123 DioLycaenidi,
1213 3061 1305 3109 Dorcas
1317 3079 1323 3109 ι
1336 3079 1348 3103 ι
1363 3063 1427 3110 Εοοο
1437 3064 1466 3111 ut
1475 3062 1591 3113 simulate
1603 3076 1688 3113 amans

1041 3168 1053 3191 ο
1062 3147 1250 3211 deprehensa—es
1257 3164 1265 3207 ς
1273 3161 1322 3197 non
1332 3149 1439 3199 occultat
1448 3149 1534 3200 fictum
1546 3154 1765 3215 omoremtempus.
1777 3172 1790 3195 ο

1287 3292 1339 3339 188.
1355 3291 1508 3340 Laodicia.

1008 3428 1062 3476 lion
1074 3424 1272 3489 oll'eroiujuriam
1281 3428 1373 3477 Amori.
1382 3429 1466 3479 Dulcis
1474 3432 1525 3491 eat,·
1533 3433 1611 3480 testor
1618 3430 1695 3493 ipsam

1039 3516 1174 3576 Venerem3
1185 3515 1229 3567 sod
1237 3527 1370 3579 percussus
1380 3529 1437 3566 sum
1449 3530 1481 3567 ex
1494 3516 1582 3567 doloso
1592 3532 1660 3579 arou,
1723 3518 1790 3582 [jacit

1007 3605 1032 3653 et
1039 3602 1390 3663 totusinciueremredactus3
1401 3603 1505 3653 calidam
1513 3608 1597 3655 autem
1603 3619 1678 3669 super
1687 3606 1789 3657 calidam

1039 3690 1165 3752 sagittam,
1181 3702 1227 3737 nac
1237 3690 1276 3738 vel
1284 3691 1406 3739 tantillum
1420 3693 1500 3740 cessat
1509 3690 1628 3750 iaculans.
1707 3693 1787 3757 [dous.

1008 3783 1042 3827 Ac
1057 3778 1167 3829 mortalis
1181 3780 1334 3841 peccatorem
1355 3780 1455 3828 invertit
1470 3779 1602 3829 :mortalis
1620 3781 1733 3843 apparuit
1748 3781 1789 3830 ille

1039 3862 1148 3913 Ulo'scar
1162 3877 1169 3906 r
1186 3875 1275 3913 reuma
1286 3875 1329 3912 ero
1340 3861 1576 3914 si-medeieudam?

1257 4004 1309 4052 189.
1326 4001 1536 4049 ASCLEPIADAE.

1006 4142 1058 4191 Nox
1072 4140 1143 4203 longa
1157 4140 1183 4190 et
1191 4137 1271 4188 hiems
1282 4143 1334 4202 eat,
1347 4151 1404 4203 queo
1417 4139 1499 4189 media
1518 4139 1641 4189 Pleiadum
1660 4140 1783 4193 occidere-

1039 4231 1065 4279 ot
1074 4241 1118 4292 ego
1129 4226 1161 4278 ad
1172 4226 1296 4287 vestibula
1304 4226 1435 4277 obambulo
1447 4227 1654 4291 pluria-madens,
1703 4227 1785 4292 [iacit3

977 4491 984 4560 Ι
1005 4496 1062 4543 Sum
1073 4493 1133 4544 cinis
1145 4510 1176 4544 en
1187 4487 1260 4545 tolus.
1272 4498 1361 4544 Tamen
1369 4464 1427 4544 ecoe
1438 4495 1524 4560 sagitta
1533 4495 1643 4559 sagittam

1039 4575 1206 4641 Subsequitur,
1219 4575 1337 4643 pharetrae
1347 4593 1391 4627 nec
1398 4578 1469 4627 datur
1479 4578 1529 4628 ulla
1538 4578 1617 4643 quies.

1007 4661 1122 4709 Mortales
1133 4661 1246 4710 domuere
1256 4659 1334 4710 ferum
1345 4677 1351 4711 :
1362 4661 1470 4711 mortalis
1482 4671 1506 4711 et
1518 4663 1568 4728 ipse
1580 4670 1624 4711 esi.

1041 4746 1156 4811 Experiar
1167 4763 1174 4797 :
1186 4747 1266 4796 simui
1279 4746 1370 4813 pellere
1380 4749 1435 4813 jura
1445 4749 1534 4798 sinunt.

1284 4900 1339 4962 ιθφ.
1355 4914 1513 4947 asceterium.

1007 5032 1061 5080 Nos
1075 5030 1143 5095 longa
1152 5040 1187 5081 est
1203 5041 1227 5080 et
1237 5031 1320 5098 hyems
1336 5048 1342 5081 :
1356 5034 1458 5081 mediam
1471 5047 1535 5080 moro
1545 5032 1641 5083 Pleiade
1653 5033 1748 5091 condit,

1040 5113 1100 5162 Cum
1112 5112 1184 5163 miser
1193 5112 1270 5163 infidae
1284 5115 1409 5180 compiuor
1422 5123 1478 5162 anie
1493 5113 1567 5162 iores.
