4000 5952
898 598 1198 756 HASII

598 897 857 1008 noum
898 896 1144 1005 eonius
1182 895 1504 1002 rantum.

969 1140 1133 1165 ’.φοῦ-

313 1396 431 1467 Codex
450 1397 487 1466 in
508 1399 543 1481 4⁰
558 1417 865 1483 membranaceus,
887 1394 1027 1492 paginis
1048 1395 1243 1465 numeratis
1271 1393 1343 1479 614
1363 1408 1591 1491 quatuorque
1613 1392 1705 1464 soliis
1724 1419 1839 1464 mem-

265 1521 450 1592 branaceis
483 1519 636 1619 prasinis
658 1534 845 1607 constans,
866 1520 902 1588 in
925 1516 1096 1613 Catalogo
1116 1523 1229 1588 Roma
1256 1519 1365 1589 misso
1395 1543 1432 1589 u.
1460 1515 1542 1615 293.
1563 1518 1728 1588 interiori
1748 1520 1839 1616 parti

182 1628 185 1636 Δ
264 1644 426 1743 operculi
447 1640 664 1740 agglutinata
693 1658 745 1713 est
774 1642 961 1739 inscriptio
978 1642 1039 1712 aeri
1054 1642 1177 1730 incisa,
1192 1641 1426 1737 hujusmodi:
1449 1644 1534 1712 Sum
1556 1641 1600 1712 de
1618 1641 1837 1727 bibliotheca,

264 1795 364 1866 qnam
387 1767 616 1861 Heidelbergo
635 1782 737 1863 capta
757 1764 1021 1862 spolt'mnfecit,
1040 1781 1072 1834 et
1096 1769 1140 1835 P.
1163 1771 1216 1836 M.
1240 1770 1408 1860 Gregorio
1437 1770 1507 1835 t'V
1531 1767 1722 1863 trophaeam
1747 1773 1838 1837 misit

267 1893 546 1977 rlIcrxr'milr'cznos,
575 1892 751 1986 utriusque
775 1893 932 1958 Bavart'oe
954 1888 1031 1958 dax
1054 1903 1120 1960 etc.
1152 1892 1191 1959 S.
1223 1889 1647 1987 tt.1.Arctalaptferer
1675 1894 1842 1988 Princeps

267 2017 420 2084 Elector.
433 2020 640 2110 Sequuntur
655 2013 807 2082 Bavariae
824 2037 921 2081 armo
941 2026 982 2082 ut
995 2011 1140 2103 dicunt,
1156 2012 1193 2083 id
1214 2027 1266 2083 est
1284 2013 1433 2108 iusignia
1450 2015 1485 2084 in
1506 2027 1627 2103 scuto,
1646 2038 1729 2085 cum
1748 2029 1840 2086 tem·

265 2137 362 2235 poris
380 2152 464 2206 nota
482 2163 490 2204 ε
508 2141 607 2205 Anno
628 2137 756 2205 Christi
771 2140 824 2209 M.
841 2138 931 2206 196.
949 2139 1076 2206 XXIII
1088 2163 1098 2206 :
1116 2136 1281 2208 videlicet
1298 2162 1340 2208 ex
1355 2135 1424 2207 illis
1437 2135 1664 2207 Bibliothecae
1677 2136 1853 2228 Palatinae

266 2259 518 2330 codicibusest
528 2258 587 2329 hic
599 2274 733 2349 noster,
744 2285 836 2358 quos
846 2261 1214 2355 GregoriusXVpapa
1225 2257 1575 2330 sibiallaximiliano
1587 2262 1740 2332 Bavariae
1749 2261 1841 2333 duce

265 2383 363 2454 dono
390 2382 511 2474 datos,
532 2382 671 2454 nobiles
694 2382 971 2479 Heidelbergicae
993 2384 1151 2453 victoriae
1174 2380 1359 2451 manubias
1390 2383 1549 2480 accepit,
1574 2382 1711 2481 aliquot
1737 2386 1841 2455 annis

265 2521 457 2603 antequam
477 2507 638 2578 Urbanus
654 2510 715 2578 Vll
731 2508 882 2579 eandem
908 2505 1168 2577 Bibliotlrecam
1196 2503 1393 2573 Palatinam
1413 2530 1477 2602 per
1498 2511 1653 2577 Leonem
1672 2507 1839 2578 Allatium

266 2631 338 2701 lere
363 2631 537 2725 integram
560 2635 711 2701 Romam
737 2631 881 2701 advexit
901 2658 909 2699 ε
933 2629 1059 2701 confer
1080 2630 1259 2699 Assemani
1287 2626 1532 2724 praelationem
1556 2631 1755 2723 generalem
1779 2636 1842 2702 Ca-

265 2756 372 2852 talog.
392 2752 558 2825 Biblioth.
575 2755 736 2825 Vatican.
755 2770 844 2824 tom.
859 2758 884 2841 l,
902 2780 982 2851 pag.
997 2756 1122 2824 xxltt.
1136 2751 1288 2822 Inferius
1300 2751 1438 2822 calamo
1452 2752 1673 2850 adscriptum
1684 2754 1837 2851 legitur:

267 2883 310 2947 In
324 2904 406 2947 novo
419 2878 537 2946 Indice
555 2878 669 2949 Pelet.
689 2882 823 2965 XXIII,
842 2878 922 2946 oliui
941 2875 1000 2949 33.
1019 2877 1136 2948 Codex
1158 2900 1244 2945 vero
1261 2890 1380 2946 noster
1395 2891 1446 2947 est
1462 2874 1641 2949 Palatinus
1654 2878 1713 2950 ille
1731 2880 1837 2951 nobi·

267 3001 437 3085 lissimus‚
455 2998 709 3095 anthologiam
727 3000 949 3070 Constantini
964 2999 1128 3098 Ceplralae
1147 3001 1352 3089 continens,
1377 3002 1479 3097 cnjus
1493 3002 1626 3074 codicis
1640 3003 1841 3077 bonitatem

266 3139 373 3221 atque
398 3137 609 3194 vetustatem
633 3123 715 3195 loco
742 3149 808 3194 suo
833 3123 963 3194 eruditi
987 3124 1174 3222 perplures
1200 3125 1541 3217 innumerabililms,
1563 3142 1603 3198 ut
1632 3129 1679 3198 ita
1700 3128 1839 3221 dicam,

266 3248 406 3345 scriptis
427 3246 724 3319 celebraverunt:
743 3247 897 3335 eundem
917 3249 973 3351 vir
993 3248 1112 3344 magui
1133 3247 1290 3319 nominis
1309 3247 1476 3318 Clrardou
1498 3248 1543 3319 de
1560 3247 1592 3320 la
1609 3249 1801 3337 Rochette,
1821 3273 1841 3318 a

265 3374 382 3471 capite
404 3372 450 3444 ad
473 3372 609 3444 calcem
633 3373 870 3468 descriptum,
899 3388 1143 3472 perpetuaque
1170 3356 1406 3445 annotatione
1425 3374 1640 3445 instructum
1660 3373 1698 3444 in
1718 3374 1840 3443 animo

265 3497 375 3569 babet
396 3513 434 3569 ut
453 3500 491 3570 iu
510 3498 626 3570 lucem
642 3498 740 3586 edat;
755 3498 828 3571 vid.
844 3498 1010 3570 Analecta
1025 3497 1154 3569 Critica
1169 3476 1273 3568 Imm.
1289 3501 1333 3567 G.
1351 3495 1520 3565 Huschke
1530 3496 1637 3590 (lenae
1651 3509 1685 3565 et
1700 3496 1837 3592 Lipsiae.

271 3622 373 3690 1800.
391 3619 446 3714 8⁰)
460 3620 594 3715 praefat.
611 3644 692 3715 pag.
706 3624 767 3687 ΧΗ
773 3625 799 3688 Ι.
813 3619 1070 3708 Quamobrem,
1082 3644 1304 3716 quamquam
1319 3619 1420 3688 Iacile
1436 3618 1580 3687 credam
1595 3618 1693 3686 hunc
1708 3614 1839 3689 librum

264 3744 359 3812 iuter
373 3742 561 3811 Vaticanus
579 3741 827 3837 pretiosiorem
846 3765 1042 3837 essequam
1059 3766 1276 3838 quemquam
1291 3739 1605 3837 pretiosissimum,
1620 3741 1719 3836 qnod
1741 3741 1836 3814 idem

266 3860 442 3934 Harlesius
460 3863 591 3933 sentire
604 3862 747 3932 videtur
768 3860 855 3932 Bibl.
874 3867 937 3935 Gr.
956 3863 1028 3934 vol.
1048 3868 1109 3948 lV,
1126 3885 1206 3960 pag.
1225 3860 1295 3951 432
1314 3889 1321 3932 :
1341 3876 1461 3932 tamen
1481 3887 1548 3959 pro
1568 3887 1631 3952 eo,
1649 3865 1748 3960 qnod
1769 3865 1836 3937 do·
1927 3846 1931 3851 Α

265 3988 443 4058 ctissimus
461 3987 564 4056 viret
584 3986 761 4082 majorum
779 3987 938 4079 gentium
955 3987 1118 4080 criticus,
1134 3991 1368 4094 Clrardonus,
1392 3989 1487 4061 hauc
1508 3990 1575 4061 sibi
1592 3992 1668 4089 jam
1692 4018 1840 4092 operam

267 4125 380 4182 totam
403 4109 615 4197 vindicavit,
648 4133 792 4208 pergam
819 4125 939 4180 tenere
967 4110 1064 4182 illam
1090 4115 1201 4203 viam,
1231 4139 1339 4212 qnam
1369 4115 1505 4185 institui
1533 4143 1541 4185 ε
1569 4132 1607 4187 ut
1631 4133 1839 4213 argumenta

266 4235 431 4333 quidem,
454 4235 654 4331 seriemque
672 4233 882 4332 paginarum
898 4236 1200 4333 partitionemque
1222 4235 1363 4308 Codicis
1385 4234 1575 4329 diligenter
1594 4235 1838 4333 perscribam,

267 4359 312 4430 de
330 4373 428 4429 textu
446 4384 531 4429 vero
544 4357 688 4457 (practer
702 4383 743 4430 ea
767 4384 846 4457 qnae
868 4360 905 4430 in
925 4361 1131 4432 continuata
1157 4360 1309 4432 lectione
1334 4360 1492 4455 enotavi)
1512 4362 1707 4455 generatim
1732 4375 1839 4459 atque

267 4483 430 4552 universe
444 4507 546 4577 agam
569 4511 576 4553 :
600 4508 684 4554 nam
705 4484 854 4555 minima
867 4510 1017 4584 quaeque
1031 4486 1195 4584 persequi
1211 4508 1284 4581 prae
1301 4496 1399 4554 tanta
1419 4478 1650 4552 multitudine
1671 4479 1841 4552 codicum

269 4606 388 4675 minus
406 4605 598 4676 commode
611 4608 727 4702 potui.
745 4611 792 4678 ele
806 4607 852 4679 de
870 4608 1017 4705 singulis
1040 4604 1355 4704 epigrammatibus
1379 4602 1570 4694 iudicabo,
1586 4628 1660 4700 quo
1684 4601 1766 4673 loco
1784 4602 1840 4672 in·

269 4726 462 4796 veniuntur
475 4740 537 4796 aut
548 4726 584 4797 in
598 4727 684 4798 edit.
703 4730 926 4826 Antlaologiae
946 4731 1101 4802 Venetiis
1115 4729 1212 4828 apud
1224 4734 1367 4799 Petrum
1382 4732 1485 4798 etde.
1501 4727 1648 4797 Mariam
1660 4714 1841 4797 Nicolinos

268 4846 472 4938 Sabienses,
498 4851 659 4947 impensa
685 4849 886 4922 Melelrioris
904 4858 1020 4943 Sessa,
1046 4850 1148 4925 1550.
1173 4851 1276 4949 SC),
1293 4866 1371 4943 aut,
1392 4852 1420 4922 si
1441 4850 1499 4921 illa
1518 4849 1668 4937 desunt,
1685 4848 1723 4917 in
1751 4848 1838 4920 edit.

306 5061 341 5129 (Ἴ
358 5063 397 5114 De
413 5078 465 5134 qua
479 5060 539 5115 vide
551 5061 619 5115 Bibl.
637 5064 686 5117 Gr.
701 5063 773 5119 Harl.
793 5063 905 5132 vol.1V,
924 5083 951 5137 p.
969 5070 1031 5131 441.
1070 5069 1204 5121 Eaautetn
1218 5065 1285 5121 edit.
1304 5084 1363 5120 sum
1377 5083 1454 5132 usus,
1470 5064 1532 5134 quia
1544 5064 1571 5115 in
1587 5063 1644 5135 ipso
1655 5062 1724 5117 Cod.
1737 5062 1792 5135 jam
1807 5062 1841 5117 ad
