4020 5946
603 406 728 468 CAPUT
747 407 810 468 Vll.
833 407 1114 470 EPIGRAMMATA
1138 409 1409 472 SEPULCRALIA.
1749 422 1810 482 313

158 563 173 606 ο
201 539 256 602 Καί
268 561 318 617 μου
330 536 395 617 πρδς
406 537 522 604 κλισίαις
535 536 631 617 κρύψιν
646 537 734 611 νίκυν,
747 542 782 605 ὡς
794 540 820 597 ἐν
833 540 940 616 ὀνείροις
1028 550 1059 598 Et
1070 561 1152 598 meum
1163 549 1272 600 stamme
1283 565 1357 615 prope
1365 553 1455 602 lectum
1464 565 1541 603 snum
1551 554 1658 606 condidit
1665 567 1755 620 corpus
1763 596 1770 620 ,
1778 560 1807 609 ut
1821 607 1823 611 ,

239 625 294 684 ulli
306 629 368 705 δρᾷν
385 624 473 695 κοίτης
483 624 646 702 γειτονίοντα
659 625 753 705 τοίφον.

365 773 432 825 208.
457 765 610 825 atttriti
630 767 809 826 ΛΥΡΙΚΗΣ.

198 866 301 981 θὶνᾶμα
315 903 373 962 τόδε
385 901 508 983 φθιμένου
522 901 658 980 μενεδαίου
670 903 759 964 εἵσατο
772 909 859 982 Δᾶμις

236 990 336 1063 ίππου,
350 991 406 1050 ίπεί
421 992 524 1069 στέρνον
539 992 612 1049 τοῦδε
629 992 746 1072 δαφοινὸς
762 988 840 1073 Ἄρης

197 1080 280 1159 τύψε·
294 1079 378 1155 με’λαν
393 1077 422 1138 δι’
436 1069 537 1155 υίαίμα
550 1081 707 1160 ταλαυρίνου
719 1080 763 1138 διδ
777 1080 878 1160 χρωτὸς

238 1174 318 1252 ilud,
335 1176 377 1235 ἐπὶ
389 1178 413 1234 δ’
425 1175 540 1235 αιίαλύαν
553 1179 637 1254 βῶλον
653 1174 741 1236 ἔδευσε
755 1178 836 1260 φόνῳ,

416 1325 484 1377 209.
499 1317 757 1377 ΑΝΤΙΠΑΤΡΟΥ.

199 1458 284 1516 Αὐτοῦ
299 1454 340 1513 σοί
353 1457 416 1535 παρ’
430 1455 526 1528 δλυινι,
542 1455 673 1527 δυηπαθὲς
687 1457 785 1537 ἐργοίτα
800 1456 922 1536 μύρμηξ,

237 1543 310 1622 ἠρίον
324 1545 353 1602 ἐκ
364 1543 451 1622 βιύλυυ
467 1545 573 1624 διψάδος
584 1544 744 1620 ίκτισοίμαν,

197 1632 264 1710 ὄφρα
278 1653 308 1690 σε
321 1629 367 1689 καί
378 1630 500 1712 φθίμενον
517 1637 602 1704 Δηοῦς
621 1631 817 1712 σταχυητρόφος
833 1622 916 1701 αύλαξ

236 1718 333 1798 θίλγη,
352 1717 478 1798 αἰρυτραίῃ
489 1718 610 1794 κείμενον
622 1722 647 1778 ἐν
663 1720 780 1805 θαλάμη.

442 1863 504 1914 210.
521 1866 588 1957 ΤΟΥἱ
603 1867 711 1914 mot.

196 1986 269 2066 Ἄρτι
283 1985 423 2066 νεηγενίων
439 2010 484 2059 σε,
494 1988 624 2067 χελιδονὶ,
637 1988 740 2067 μητέρα
754 1990 868 2066 τέκνων,

236 2075 296 2154 ἄρτι
308 2096 338 2134 σι
352 2074 501 2134 θοίλπουοαν
519 2077 615 2142 παῖδας
631 2076 681 2135 ὑπὸ
692 2076 815 2155 πτέρυγι,

197 2157 271 2229 ἀίξας
284 2160 388 2222 ἔντοσθε
400 2162 584 2238 νεοσσυκόμοιο
595 2164 689 2234 καλιῆς

235 2248 355 2330 νόσφισεν
369 2250 468 2309 ὠδίνων
481 2252 661 2328 τετραέλικτος
674 2249 730 2330 ύφις
738 2294 748 2326 ,

196 2336 241 2395 καὶ
259 2336 289 2395 αδ
301 2336 472 2417 κινυρυμίναν
483 2338 558 2403 ὁπότ’
570 2336 659 2416 ἀθρόος
674 2329 737 2409 ἦλθε
754 2334 864 2409 δαΐζων,

235 2423 328 2504 ἤριπεν
338 2423 463 2503 ἐσχαρίου
479 2422 576 2501 λαὸρὸν
588 2426 629 2481 ἐπ’
642 2415 731 2499 ἆσθμα
748 2425 836 2501 πυρός.

195 2513 248 2580 Ὣς
259 2514 335 2572 θοίνεν
347 2513 510 2591 ἠλιτυεργός·
520 2513 555 2571 ἴδ’
567 2515 602 2578 ὡς
614 2511 761 2594 Ἥφαιστος
772 2512 895 2591 αἰμύνόωρ

235 2600 284 2660 σύν
295 2601 342 2659 ἀπ’
354 2601 520 2680 Ἐριχθονίου
535 2599 626 2666 παιδὸς
646 2600 729 2659 ἔσωσε
744 2599 833 2679 γονοίν.

455 2756 521 2805 211.
548 2744 713 2805 ΤΥΜΝΕΩ.

195 2887 267 2964 Τῇδε
282 2884 326 2944 τδν
336 2887 367 2944 lx
381 2884 497 2956 Μελίτης
516 2883 595 2964 ἀργὸν
610 2884 676 2944 κύνα
690 2885 768 2963 φησίν
779 2884 896 2965 θπὲτρος

235 2971 332 3053 ίαχειν,
343 2973 468 3047 Εὐμήλου
484 2971 639 3030 πιστότατον
653 2970 767 3049 φύλακοι.

194 3060 296 3140 Ταῦρόν
312 3081 355 3136 μιν
373 3059 529 3136 καλέεσκον,
544 3057 582 3117 δι’
599 3050 631 3131 ἦν
644 3060 695 3118 ἔτι·
709 3064 754 3116 νῦν
769 3059 796 3118 δὲ
809 3059 838 3118 τδ
849 3061 934 3120 κείνου

235 3145 336 3225 φθέγμα
348 3145 479 3225 σιωπηραλ
490 3146 580 3213 νυκτὸς
593 3146 697 3226 ἔχουσιν
708 3148 773 3207 ὁδοί.

414 3298 480 3346 212.
502 3287 753 3348 ΜΝΑΣΑΛΚΟΥ.

195 3424 319 3496 Αἰθυίας,
336 3424 404 3498 Eine,
419 3425 493 3485 τόνδε
504 3425 651 3501 πυδηνίμου
663 3425 754 3485 ἔννεπε
767 3426 882 3503 τόμὸον,

234 3523 281 3579 τᾶς
294 3514 354 3571 πατ’
370 3512 544 3594 ἐλαφρότατον
559 3512 651 3591 χέρσος
670 3512 761 3593 ἔθρεψε
778 3514 853 3591 γόνυ·

195 3602 302 3667 πολλαῖς
315 3600 365 3680 γδρ
375 3601 479 3659 νοίεσσιν
490 3600 628 3678 ἰσόδρομοι
642 3600 721 3660 druse
732 3610 831 3676 μᾶκος,

235 3687 304 3769 ὄρνις
313 3686 383 3754 ὅπως
388 3735 396 3761 ,
406 3687 514 3767 δολιχδν
527 3689 686 3749 ἕκπονίουσα
697 3688 797 3770 τρίόον.

196 3907 240 3957 llla
248 3924 317 3958 suum
328 3918 427 3975 propter
436 3908 496 3958 milii
507 3909 548 3958 dat
559 3918 713 3958 monumenta
721 3909 811 3970 cubile,

228 3992 326 4056 Semper
335 3999 361 4040 ut
371 3990 396 4040 in
406 3989 494 4040 somnia
503 3989 611 4056 proxima
621 4006 659 4041 me
669 3991 755 4042 rideat.

498 4135 555 4183 208.
577 4150 672 4185 ιιιππ.

196 4264 278 4315 nauh
289 4280 351 4329 equo
361 4265 442 4331 posuit
454 4266 582 4316 Menedaio
592 4267 659 4316 triste
666 4267 836 4333 sepulchrum,

230 4348 309 4409 Quem
318 4343 381 4393 lerus
393 4343 418 4393 in
431 4346 509 4395 medio
519 4355 616 4411 pectore
625 4350 691 4395 Mara
700 4348 785 4411 tetigit.

197 4432 230 4478 ln
239 4428 306 4493 niger
314 4425 407 4476 ellluxit
417 4427 496 4477 valido
508 4428 537 4478 de
548 4444 649 4494 corpore
659 4429 765 4493 sanguis,

230 4508 356 4559 munnio
368 4506 448 4574 tepido
460 4506 558 4558 humine
570 4508 641 4557 tinxit
651 4508 761 4559 humum.

473 4666 529 4716 ουρ.
548 4668 694 4713 anrteirar,

507 4780 538 4831 de
548 4780 661 4849 formica.

199 4914 237 4965 sd
247 4914 326 4965 villam
336 4915 468 4975 tumulum,
477 4915 569 4980 patiens
577 4913 675 4964 formica
687 4915 811 4977 laborum,

232 4999 341 5049 Emunxi
353 4998 421 5064 gleba
430 4999 460 5047 de
471 4998 567 5050 sitiente
578 4998 622 5048 tibi
636 5014 643 5049 ε

199 5084 233 5132 tn
243 5091 284 5145 te,
296 5082 359 5133 ruris
370 5099 427 5149 opes
439 5082 504 5132 inter
516 5092 566 5150 post
576 5082 624 5132 tata
630 5082 766 5148 jacentem,

232 5165 302 5215 Nune
310 5164 381 5215 etiam
390 5163 468 5215 locent
476 5181 570 5232 semper
578 5174 655 5215 amata
664 5168 744 5217 Ceres.

1058 649 1136 698 nsque
1149 637 1231 688 rideat
1240 638 1313 721 cohili
1322 640 1485 703 propinquum
1495 642 1641 705 sepulcrum.
1662 639 1808 707 [insomnis

1219 804 1225 815 ·
1240 784 1294 829 208.
1312 782 1432 829 ANYTES
1454 782 1588 831 LYlttcAE.

1024 916 1166 980 Sepulcrum
1179 917 1225 967 hoc
1236 919 1325 969 mortui
1341 922 1586 983 pugnas-sustinentis
1599 923 1677 972 erexit
1691 923 1774 975 [tamis

971 1021 972 1025 ¹
1054 1004 1127 1066 equi,
1140 1008 1267 1069 postquam
1279 1009 1365 1069 pectus
1376 1007 1429 1068 ejus
1442 1013 1558 1059 cruentus
1570 1013 1635 1060 Mars

1025 1092 1145 1155 percussit
1160 1112 1167 1142 ι
1181 1092 1254 1158 niger
1265 1097 1348 1144 autem
1371 1108 1444 1144 cruor
1462 1096 1515 1159 eins
1531 1097 1805 1160 dura-pelle-munitnm

1055 1179 1178 1242 ebullivit,
1187 1181 1325 1244 siccamque
1330 1181 1426 1246 glebam
1434 1182 1637 1246 tinxitsanguinc.
1651 1185 1812 1251 [percorpus-

1290 1328 1343 1372 209.
1361 1325 1535 1374 ΑΝΤΙΡΑΤΒΙ.

1022 1462 1069 1511 llic
1080 1460 1138 1521 tihi,
1150 1461 1220 1522 juxta
1228 1475 1323 1522 aream,
1335 1477 1474 1514 torumnosa
1483 1464 1616 1516 lahoratrix
1628 1466 1739 1529 formica,
1799 1502 1802 1515 .

1053 1546 1176 1596 tumulum
1188 1560 1217 1598 er
1228 1548 1298 1611 gleba
1309 1548 1433 1598 siticulosa
1444 1551 1524 1610 erexi,

1022 1634 1051 1682 ut
1064 1634 1089 1682 te
1101 1633 1175 1683 etiam
1187 1638 1308 1685 mortuom
1319 1635 1413 1687 cereris
1422 1636 1521 1700 spicifer
1534 1638 1618 1688 sulcus

1046 1717 1171 1781 'dolectct‚
1182 1721 1335 1772 aratrotacta
1347 1722 1468 1784 iacentem
1477 1723 1503 1774 in
1517 1725 1595 1776 lovea.

1299 1866 1352 1911 210.
1376 1874 1521 1916 atusnrttt.

1020 1996 1114 2054 Recens
1122 1999 1254 2052 admodum
1263 2005 1375 2053 natorum
1383 2002 1535 2063 tc,hirnndo
1544 2004 1659 2064 ,matrem
1669 1994 1799 2065 pullorum,

1051 2098 1129 2151 nuper
1141 2091 1166 2139 te
1175 2090 1298 2142 torentem
1308 2090 1397 2141 liberos
1413 2091 1460 2140 suh
1471 2091 1523 2151 ala,

1020 2179 1187 2243 impetu-iacto
1196 2179 1221 2228 in
1229 2178 1463 2243 pulloscducnntcm
1479 2177 1577 2239 nidum,
1593 2198 1597 2205 ·

1051 2266 1155 2331 privarit
1167 2268 1238 2329 partu
1250 2264 1674 2329 quaternis-orbibusoecomplicuns
1689 2279 1800 2329 serpens,

1020 2355 1046 2404 et
1061 2356 1085 2402 tc
1098 2352 1359 2416 llehihtcroncrentem
1372 2367 1449 2415 quum
1458 2352 1611 2415 impetuosus
1623 2353 1731 2403 venisset
1740 2354 1801 2403 lace

1052 2440 1136 2490 incidit
1152 2439 1266 2490 iocularis
1277 2453 1391 2490 voracem
1402 2439 1427 2489 in
1440 2438 1574 2490 anhelitum
1588 2439 1658 2502 ignis
1675 2438 1808 2502 [τιιῑειιυεΓ

1021 2527 1061 2578 Sic
1070 2527 1161 2577 interiit
1171 2527 1309 2578 rte-inlecta.
1343 2530 1404 2578 Ecce
1417 2530 1446 2577 ut
1460 2526 1584 2577 Vulcanus
1595 2526 1724 2577 auxiliator

1052 2614 1201 2665 Erichthonii
1213 2614 1256 2663 lilii
1271 2613 1378 2664 servavit
1391 2614 1537 2678 progeniem.

1310 2756 1365 2802 ru.
1382 2740 1511 2803 rrrmm
1534 2761 1542 2777 ι

1021 2894 1067 2941 Htc
1082 2892 1234 2943 Melitensem
1246 2891 1360 2957 rapidum
1370 2905 1455 2944 ornem
1464 2891 1524 2942 dicit
1537 2894 1607 2956 petro

1052 2980 1321 3041 se·cohibere,Enmeli
1334 2979 1478 3031 fidissimum
1487 2979 1623 3030 custodem.
1735 2978 1799 3042 [ejus

1020 3071 1127 3119 ‘laurum
1138 3081 1196 3118 eum
1207 3068 1361 3131 vocitabant,
1376 3082 1454 3132 quom
1467 3071 1520 3118 erat
1534 3067 1627 3128 adhuo;
1640 3080 1705 3117 nunc
1715 3068 1798 3117 autem

1051 3154 1157 3204 sonitum
1169 3154 1250 3204 tacitae
1261 3154 1340 3204 noctis
1352 3153 1443 3204 hahent
1454 3155 1509 3204 rios.

1282 3300 1336 3344 212.
1353 3296 1534 3343 MNAsnLcAE.

1020 3433 1124 3496 AEthyiae
1135 3445 1215 3497 equae,
1222 3433 1319 3497 hospes,
1330 3431 1377 3482 hoc
1383 3431 1518 3482 celerrimae
1526 3444 1640 3494 nuncupa
1649 3430 1802 3494 scpulcrrun,

1052 3521 1124 3582 crios
1138 3521 1196 3571 olim
1207 3520 1358 3571 levissimum
1368 3518 1572 3569 continens-terra
1586 3517 1673 3568 nutriit
1683 3530 1765 3581 genu:

1020 3608 1104 3658 inultis
1113 3608 1178 3658 enim
1187 3607 1290 3658 mribus
1302 3620 1491 3671 aquom-cursu
1505 3606 1611 3657 coniecit
1623 3604 1738 3669 spatium,

985 3772 986 3776 ρ
1051 3698 1115 3748 sicut
1123 3696 1237 3758 volucris,
1249 3694 1345 3759 longam
1358 3695 1485 3745 curriculi
1497 3694 1615 3746 emeticns
1627 3695 1702 3745 riam.

1306 3921 1362 3955 aro.
1385 3897 1503 3965 rausum,

1322 3985 1352 4034 de
1363 3984 1496 4036 hirundine.

1019 4078 1080 4127 Cum
1090 4078 1196 4129 laborer
1205 4087 1276 4144 partu
1287 4077 1357 4126 modo
1368 4086 1389 4125 te
1400 4077 1518 4134 solvisset,
1530 4074 1646 4136 hirundo,

1054 4166 1085 4213 Et
1096 4171 1136 4212 tna
1145 4160 1223 4211 adhuc
1231 4161 1339 4210 volucres
1348 4159 1461 4209 conderet
1469 4159 1506 4208 ala
1516 4173 1588 4206 noras
1598 4193 1604 4218 ,

1019 4246 1093 4296 lrruit
1104 4244 1129 4293 in
1140 4245 1231 4294 luteum
1241 4252 1305 4293 torto
1317 4253 1401 4307 qnater
1410 4241 1502 4305 agmine
1510 4240 1593 4289 nidum

954 4354 959 4361 ·
1052 4326 1141 4391 Anguis
1149 4363 1156 4386 ‚
1165 4337 1190 4375 et
1199 4325 1294 4389 exiguas
1302 4324 1399 4374 horrida
1411 4332 1489 4387 raptat
1498 4338 1552 4371 arcs
1565 4338 1571 4371 :

1019 4412 1082 4458 num
1093 4408 1166 4472 gemis
1176 4415 1200 4456 et
1213 4406 1291 4468 iuges,
1301 4406 1351 4469 jam
1364 4413 1387 4452 te
1399 4401 1509 4450 veniebat
1519 4401 1549 4450 ad
1559 4402 1646 4466 ipsum,

1051 4489 1097 4539 Sed
1106 4487 1168 4537 eadit
1181 4487 1206 4536 in
1217 4487 1300 4551 plenos
1311 4486 1364 4548 igne
1373 4484 1464 4532 calente
1476 4481 1548 4530 locos.

1018 4574 1058 4625 Sic
1068 4573 1119 4623 tert
1131 4585 1190 4620 sera
1202 4567 1274 4633 perit.
1286 4572 1332 4616 Per
1345 4576 1381 4626 te,
1394 4564 1516 4623 Vulcano,
1528 4562 1628 4613 salutem

1052 4653 1147 4720 Accipit
1158 4652 1199 4701 illa
1207 4659 1249 4699 tuo
1260 4650 1330 4713 stirps
1341 4648 1372 4697 ub
1383 4645 1548 4697 Erichthonio.

1297 4756 1356 4792 nra.
1373 4754 1517 4798 narsum,

1344 4823 1375 4872 de
1385 4821 1468 4889 [ιιίίοσ.

1020 4923 1091 4969 Ηυοο
1098 4916 1182 4967 celeris
1193 4915 1269 4966 inlicta
1279 4914 1394 4965 tumulum
1403 4913 1442 4961 dic
1451 4927 1517 4973 esse,
1528 4912 1613 4973 viator,

1051 5000 1107 5048 Non
1116 4998 1176 5048 aluit
1189 4997 1258 5047 citius
1270 5012 1316 5062 qua
1331 5005 1389 5061 puto
1403 5003 1467 5043 terra
1478 5008 1559 5057 genus.

1019 5084 1080 5133 Num
1091 5080 1186 5132 vincens
1194 5082 1281 5131 celeres
1289 5095 1358 5129 cursu
1367 5085 1511 5144 properante
1522 5074 1612 5125 carinas
1618 5108 1627 5132 ,

1053 5166 1131 5227 Quam
1140 5160 1244 5217 relatis,
1254 5151 1350 5220 tongum
1361 5155 1501 5211 conficiebat
1509 5154 1563 5206 iter.
