4020 5946
163 329 228 388 296

390 466 438 516 20.
461 454 733 513 ΞΕΝΟΦΑΝΟΥΣ.

163 586 218 647 Καί
231 584 295 646 ποτέ
309 609 353 663 μιν
367 583 579 663 στυφελιζομένου
594 581 724 647 σκύλακος
737 579 863 657 παριόντα

204 661 281 753 φασίν
297 676 471 749 ἔποικτεῐραι,
488 670 532 727 καί
547 670 605 727 τόδε
619 671 716 748 φάσθαι
730 670 803 735 ἔπος·

164 792 175 813 ν
191 764 316 835 Παῦσαι,
329 758 395 836 μηδὲ
411 758 507 838 ῥάπιζ’,
520 758 592 829 ἐπειὴ
609 758 683 836 φίλου
699 755 787 836 ἀνέρος
802 756 857 814 ἐστὶ

203 877 215 904 ι
233 849 323 929 ψυχὴ,
338 846 385 917 τὴν
399 847 489 924 ἔγνων,
505 844 680 923 φθεγξαμένης
696 843 771 902 olims.
788 873 800 895 ν

318 988 383 1037 121.
407 977 626 1038 ΔΙΟΓΕΝΟΥΣ
649 975 786 1035 ΛΑΙΞΡΤ.

160 1112 201 1170 Οὐ
216 1108 291 1185 μόνος
302 1109 426 1188 ίμψύχων
439 1110 534 1186 ἄπεχες
545 1107 640 1186 χέρας,
652 1106 721 1164 titi
733 1105 776 1163 καί
788 1105 876 1182 ἡμεῖς·
938 1168 942 1173 ,

201 1197 240 1264 τίς
251 1195 302 1275 γάρ
312 1196 339 1263 θς
351 1196 477 1277 ίμψύχων
490 1193 589 1274 ἥψατο,
602 1194 757 1272 Πυθαγόρης

163 1287 221 1345 ἀλλ’
234 1284 295 1342 ὅταν
308 1287 392 1362 ἑψηθῇ
407 1306 433 1340 τι
446 1284 491 1339 καὶ
503 1284 604 1359 ὄπτηθίῐΙ
617 1281 661 1337 καί
677 1281 770 1359 ἁλισθῇ

170 1380 174 1385 ’
203 1369 234 1440 δὴ
247 1371 306 1427 τότε
320 1369 364 1427 καί
379 1367 464 1449 ψυχὴν
477 1371 523 1426 οὐκ
534 1369 592 1448 ἔχον
607 1370 735 1445 ἐσθίομεν.

421 1505 480 1554 122.
502 1507 560 1551 ΤΟΥ
578 1506 686 1552 ΑΥΤΟΥ.

164 1625 235 1693 litui,
248 1621 401 1700 Πυθαγόρης
415 1622 440 1680 τί
452 1622 525 1680 τόσον
538 1623 652 1696 κυάμους
667 1620 813 1694 ἐσεόάσθη,

171 1775 173 1779 ,
201 1710 246 1768 καὶ
266 1708 327 1768 θάνε
339 1714 473 1789 φοιτηταῖς
483 1711 589 1788 ἄμμιγα
603 1710 757 1781 τοῐς<ἷδίοις;

162 1797 267 1874 Χωρίον
281 1788 312 1868 iv
327 1796 444 1872 κυάμων·
457 1796 500 1856 ἵνα
516 1798 553 1873 μὴ
568 1796 673 1862 τούτους
685 1795 712 1855 δέ
724 1796 831 1875 πατήσῃ

202 1884 228 1952 ἕξ
240 1885 445 1963 Ἀκραγαντίνων
459 1885 565 1944 κάτθαν’
580 1886 617 1943 tvl
628 1886 733 1965 τριόδῳ.

421 2015 481 2065 123.
502 2019 562 2063 ΤΟΥ
579 2019 687 2064 ΑΥΤΟΥ.

163 2129 215 2189 liat
227 2128 258 2188 σύ
273 2128 340 2201 ποτ’,
348 2128 552 2204 Ἐμπεδόκλεις,
564 2131 635 2209 διερῇ
648 2129 724 2210 φλογί
739 2136 817 2206 σῶμα
829 2132 945 2212 καθήρας

202 2220 253 2295 πῦρ
265 2217 317 2275 άπὸ
328 2215 465 2295 κρητήρων
477 2215 565 2281 ἔκπιες
580 2217 717 2274 ἀθάνατον·

162 2304 209 2362 οὐκ
219 2303 283 2383 ἐρέω
296 2305 319 2361 δ’
332 2303 371 2362 ότι
382 2303 477 2361 σαυτὸν
489 2302 555 2361 ἑκὼν
569 2304 647 2382 βάλες
658 2308 683 2370 ἐς
697 2303 753 2384 ῥόον
768 2305 880 2379 Αἴτνης,

202 2390 270 2451 ἄλλα
284 2394 370 2450 λαθεῖν
388 2390 482 2449 ἐθέλων
497 2389 608 2465 ἔμπεσες
621 2394 668 2450 οὐκ
682 2393 784 2452 ἐθέλων.

422 2522 482 2571 124.
503 2525 562 2570 ΤΟΥ
579 2524 685 2574 ΑΥΤΟΥ.

162 2633 217 2698 Παλ
231 2635 283 2711 μὴν
298 2633 485 2711 Ἐμπεδοκλῆα
500 2636 585 2694 θανεῖν
598 2637 673 2714 λόγος
686 2635 722 2703 ὥς
733 2637 792 2697 ποτ’
805 2637 906 2715 ἀμάξης

204 2721 312 2794 ἔκπεσε,
328 2721 373 2779 καί
388 2722 471 2800 μηρόν
487 2722 623 2781 κλάσσατο
639 2722 774 2802 δεξιτερόν·

162 2813 186 2870 εί
199 2809 226 2868 dl
240 2809 321 2889 πυρὸς
336 2814 467 2889 κρητῆρας
480 2809 593 2879 ἐσήλατο
602 2810 647 2867 καί
660 2809 705 2867 πίε
717 2811 746 2869 τὸ
759 2815 816 2890 ζῇν,

202 2902 258 2964 πῶς
272 2897 303 2956 ἂν
320 2896 355 2957 ἔτ’
371 2901 396 2956 ἐν
411 2896 547 2974 Μεγάροις
563 2898 680 2955 δείκνυτο
694 2899 766 2956 τοῢθε
782 2899 880 2979 τάφσς;

444 3033 505 3081 125.
527 3036 665 3080 toulon.

162 3149 199 3210 Εί
210 3140 235 3208 τι
249 3148 429 3228 παραλλάσσει
443 3148 545 3229 φαέθων
563 3149 644 3227 μέγας
655 3148 726 3219 ἅλιος
741 3151 855 3231 ἄστρων,

203 3238 248 3297 καί
260 3237 352 3304 πόντος
367 3241 492 3313 ποταμῶν
509 3239 604 3314 μείζον’
617 3238 673 3318 ίχει
684 3239 801 3318 δύναμιν,

164 3327 233 3407 φαμὶ
247 3331 368 3386 τοσοῦτον
381 3324 433 3405 ἐγὼ
447 3326 524 3407 σοφία
536 3327 656 3407 προέχειν
671 3327 852 3408 Ἐπίχαρμον,

436 3568 491 3600 σεο.
510 3567 675 3615 xcnoannnrs,

491 3645 522 3695 de
533 3647 624 3699 eodem.

164 3744 296 3795 ludoluisse
308 3757 391 3791 canem
405 3752 514 3807 quateret
526 3760 580 3793 com
594 3744 693 3794 [ustibus
707 3745 768 3794 alter

197 3825 302 3885 Dicitur,
315 3832 340 3872 et
352 3824 410 3871 tales
422 3839 464 3871 ore
477 3823 567 3873 dedisse
579 3840 663 3875 sonos:

165 3907 206 3958 Ah
218 3922 292 3972 rogo,
307 3921 338 3954 ne
349 3906 403 3954 steri
418 3922 424 3954 :
438 3907 513 3954 nostri
525 3922 629 3972 namque
641 3908 685 3957 ista
697 3908 783 3958 sodalis

198 3994 239 4041 Est
253 3990 331 4040 anima
345 4005 352 4040 ε
364 3988 481 4038 indicium
494 4005 540 4039 vox
554 3990 610 4040 lacit
622 3991 672 4056 ipsa
687 3992 756 4044 mibi.

401 4106 455 4140 121.
471 4106 583 4139 DlOGEMS
600 4108 716 4155 tsnttttrtt,

489 4189 519 4237 de
533 4188 624 4240 eodem.

165 4301 272 4361 Tangere
286 4311 335 4346 nou
349 4296 412 4346 solus
426 4295 529 4361 trepidas
543 4297 663 4356 animata,
674 4298 714 4347 sed
729 4307 752 4347 ει
765 4314 827 4351 nos:

198 4378 261 4426 Nam
273 4375 326 4441 quis
338 4374 390 4424 νίιά
403 4374 459 4424 vetit
474 4374 586 4424 mandere
594 4413 602 4439 ‚
616 4374 766 4442 Pythagora?

165 4457 212 4507 snt
224 4456 295 4505 timul
306 4472 334 4505 uc
347 4457 433 4505 salsum
444 4456 505 4519 init,
517 4456 655 4522 elixumque
665 4459 701 4507 rel
713 4474 806 4520 ossum,

199 4542 261 4589 Tum
273 4539 369 4587 demum
385 4539 446 4588 rictu
457 4539 575 4605 pascimur
586 4542 699 4591 exanimi.

462 4654 517 4688 ιαα.
536 4655 655 4698 vesunu,

493 4733 524 4783 de
541 4734 631 4786 eodem.
647 4772 651 4776 .

168 4833 237 4887 Eheu
249 4830 388 4900 Pythagorae
398 4830 532 4880 rercrentia
545 4839 613 4881 tanta
626 4831 733 4881 labarum

202 4918 252 4966 Cur
264 4914 319 4975 luit,
332 4923 357 4963 at
369 4921 467 4979 percont
479 4920 577 4975 uisatur,
590 4913 624 4962 sic
637 4914 722 4979 periit!

169 4998 207 5050 Ne
217 4996 319 5056 calcaret
328 5010 409 5060 agrum
421 5001 555 5060 portantem
570 4994 617 5043 tale
630 4995 751 5058 legumen,

203 5079 298 5130 Occidit
310 5079 335 5129 in
347 5079 423 5128 triviis
435 5093 464 5126 ex
474 5079 607 5141 derogante
619 5093 700 5129 manu.

728 316 982 378 ANTHOLOGIAE
1004 314 1206 375 PALATINAE

1244 468 1294 512 tio.
1314 461 1517 510 tutorttsttts.

990 587 1020 635 ut
1031 584 1186 644 torteillum,
1201 581 1419 645 quum-ropularet
1432 581 1541 641 catulus,
1556 582 1747 643 maetersuntsm
1774 595 1779 602 ·

1019 670 1105 720 dicunt
1113 669 1313 720 miseritumesse
1325 670 1398 732 ejus,
1412 671 1437 718 et
1448 669 1495 717 hoc
1505 667 1609 718 edidisse
1618 667 1720 718 verbum
1732 689 1737 717 ι

991 778 1003 803 ι
1015 759 1118 819 Desine,
1132 771 1180 808 neu
1195 757 1315 821 virga-leri
1324 796 1330 817 ‚
1340 756 1455 820 quoniam
1466 756 1537 805 amici
1547 756 1593 804 riri
1601 760 1640 806 est

1020 867 1032 891 ν
1045 848 1138 909 anima,
1149 860 1223 909 quom
1232 846 1333 910 agnovi,
1346 844 1487 907 loquentem
1497 844 1607 893 audiens.
1620 864 1632 886 υ

1203 983 1254 1027 121.
1273 978 1420 1025 nlouun'ts
1436 977 1571 1025 Llssnttt.

988 1111 1041 1159 iton
1054 1108 1122 1158 solus
1130 1107 1289 1157 abanimotis
1298 1105 1435 1157 abstinuisti
1449 1119 1548 1166 manus,
1558 1105 1602 1155 sed
1612 1108 1637 1155 et
1649 1119 1707 1167 nos;

1018 1195 1075 1257 quis
1083 1195 1147 1245 enim
1157 1194 1247 1257 estqui
1258 1194 1363 1244 animata
1371 1193 1484 1256 tetigit‚o
1500 1193 1652 1257 Pythagora?

989 1283 1032 1333 sed
1042 1283 1084 1332 nbi
1092 1283 1153 1346 quid
1161 1282 1250 1334 elixum
1259 1285 1297 1332 est
1308 1284 1333 1331 et
1346 1283 1439 1331 tostum
1450 1283 1475 1330 et
1488 1281 1680 1343 sale-sparsum,

1020 1371 1128 1435 protecto
1141 1374 1201 1422 tunc
1210 1370 1315 1419 animam
1326 1383 1374 1418 non
1383 1367 1476 1418 itabens
1485 1368 1590 1418 edimus.
1731 1356 1735 1361 ’

1266 1507 1317 1550 122.
1340 1508 1490 1551 EJUSDBM.

989 1623 1059 1681 lieu,
1072 1619 1134 1680 izen,
1147 1619 1294 1683 Pythagoras
1303 1618 1362 1680 quid
1371 1619 1468 1668 tantum
1478 1618 1575 1683 lupinos
1583 1622 1769 1681 veneratusest,

1021 1712 1046 1760 ει
1059 1709 1118 1759 obiit
1128 1708 1260 1771 discipulos
1271 1709 1334 1757 inter
1345 1708 1472 1771 proprios?

991 1801 1054 1859 Ager
1068 1799 1120 1846 erat
1130 1795 1270 1859 lupinorum
1283 1814 1290 1843 2
1305 1794 1418 1858 usigitur
1431 1798 1563 1858 ingressus
1575 1809 1617 1848 eos
1628 1795 1746 1856 calcaret,

1020 1882 1051 1933 ab
1061 1882 1219 1947 Agrigentinis
1227 1881 1369 1932 occisusest
1378 1880 1403 1931 in
1412 1882 1492 1933 trivio.

1273 2020 1324 2064 123.
1348 2023 1497 2064 EJUSDEli.

991 2146 1059 2194 Bitu
1073 2143 1132 2193 olim
1141 2158 1173 2204 ‚o
1187 2144 1358 2207 Empedocles,
1368 2144 1451 2208 rapida
1461 2144 1558 2193 tlatnma
1571 2141 1773 2204 corpusutuuri·

1023 2236 1103 2298 ignem
1117 2247 1131 2284 ε
1144 2235 1277 2285 crateribus
1290 2237 1386 2286 ebibisti
1400 2234 1561 2285 immortalem
1577 2255 1583 2283 :
1685 2231 1772 2295 [nant

992 2336 1039 2373 non
1050 2322 1130 2372 dicam
1139 2325 1221 2373 autem
1231 2326 1256 2373 te
1265 2324 1329 2375 ultro
1339 2324 1462 2375 insiluisse
1470 2323 1494 2372 in
1503 2322 1636 2373 undantem
1645 2322 1756 2381 duum,

1023 2408 1067 2459 sed
1080 2409 1155 2460 latere
1163 2410 1248 2460 volens
1258 2411 1362 2462 incidisti
1373 2426 1421 2461 non
1430 2411 1522 2461 voleus.

1269 2525 1321 2571 itt.
1345 2532 1496 2573 Btttsbttrt.

991 2652 1054 2701 Sene
1065 2664 1124 2701 vero
1135 2652 1288 2714 Empedoclis
1298 2652 1416 2703 de-morte
1429 2653 1494 2701 lama
1504 2654 1550 2712 est,
1564 2650 1632 2714 quod
1643 2649 1774 2714 aliqnando

1022 2737 1548 2802 exciderit,etcrussibi-tregeritdextrum.
1679 2737 1772 2801 [curru

993 2833 1023 2880 tt
1032 2830 1053 2879 si
1064 2829 1125 2893 ignis
1134 2829 1274 2880 incmteras
1283 2829 1374 2879 insiluit
1383 2832 1409 2880 et
1416 2832 1453 2879 stc
1464 2828 1526 2881 bibit
1535 2829 1626 2889 vitam,

1024 2922 1066 2983 qut
1077 2917 1159 2969 adhuc
1171 2919 1274 2982 Megaris
1283 2917 1452 2969 ostenderetur
1459 2916 1534 2981 huius
1547 2916 1703 2982 sepulcrum?

1274 3052 1326 3098 125.
1350 3058 1487 3100 trtctsttrt.

992 3167 1086 3231 Siquid
1101 3129 1200 3231 superat
1211 3168 1307 3220 lucidus
1324 3181 1427 3231 magnus
1441 3168 1476 3217 sol
1490 3168 1568 3227 astra,

1026 3257 1154 3318 sipontus
1167 3256 1306 3306 fluminibus
1319 3256 1435 3317 maiorem
1448 3254 1523 3305 babet
1536 3254 1603 3315 νὶιιι,

991 3339 1769 3407 asseverotantnmegosapientisceterosanteirelipiebanntuu,

1287 3560 1341 3608 rai.
1360 3574 1480 3619 ειυευιιια,

1288 3664 1318 3713 de
1332 3664 1482 3731 Empedocle.

994 3777 1024 3822 ttt
1036 3774 1082 3824 tibi
1095 3774 1126 3822 ab
1139 3775 1232 3825 uternis
1245 3775 1339 3824 llammn
1352 3783 1387 3825 est
1399 3775 1532 3824 crateribus
1544 3774 1642 3838 hausta,

1024 3856 1178 3921 Empedocles
1193 3872 1200 3907 ι
1218 3856 1265 3920 igni
1277 3856 1383 3905 membru
1395 3857 1460 3920 piata
1471 3856 1524 3906 tibi.

993 3939 1047 3987 Non
1062 3937 1115 3987 dico
1129 3938 1193 4003 quod
1202 3947 1286 4003 sponte
1301 3947 1340 3987 tua
1354 3946 1378 3986 te
1390 3937 1499 4003 injeceris
1508 3942 1623 3989 AEtnam:

1026 4022 1113 4085 lapsus
1125 4034 1154 4068 eo
1168 4034 1193 4067 rs
1204 4018 1301 4080 uolens,
1315 4018 1387 4067 credo
1398 4018 1473 4067 latere
1486 4019 1577 4070 solens,

1288 4143 1342 4189 iat.
1362 4152 1487 4196 uusnmt,

1317 4238 1347 4288 de
1359 4238 1450 4294 eodeni.

993 4345 1160 4411 Empedoclem
1170 4346 1261 4413 lapsum
1271 4362 1343 4396 curru
1354 4345 1401 4396 lert
1413 4345 1473 4395 lamu
1487 4344 1590 4411 perisse.

1025 4434 1137 4493 Fregerat
1149 4440 1176 4480 ut
1186 4430 1297 4480 dextrum
1313 4446 1373 4480 σανα
1387 4429 1456 4479 ruina
1466 4429 1552 4479 lemur.

992 4510 1016 4562 Si
1030 4527 1086 4561 rere
1095 4513 1170 4562 vitam
1182 4512 1243 4562 bibit
1255 4530 1284 4561 εκ
1299 4513 1432 4563 crateribus
1444 4517 1535 4572 AEtnoe,

1026 4596 1075 4644 Cur
1085 4594 1202 4644 tumulum
1215 4594 1281 4644 illius
1292 4594 1411 4644 cernimus
1425 4594 1449 4642 in
1462 4593 1585 4658 Megaris?

1290 4712 1344 4761 125.
1362 4726 1477 4773 incurri,

1285 4805 1315 4855 de
1329 4806 1482 4877 Epicharmo.

993 4912 1076 4964 Sidera
1086 4913 1122 4963 sol
1129 4922 1243 4978 quantum
1254 4914 1326 4978 regali
1336 4913 1425 4964 lumine
1435 4913 1522 4976 vincit,

1027 4999 1058 5045 Et
1071 5004 1161 5060 quanto
1171 4995 1247 5062 pelugi
1260 4995 1358 5045 flumine
1371 4998 1516 5062 majoranus
1530 5003 1582 5055 est;

995 5081 1072 5128 'lanto
1084 5077 1136 5128 aliis
1145 5080 1220 5145 molor
1230 5080 1377 5147 sapientibus
1389 5090 1422 5129 est
1435 5078 1605 5144 Epiclmrmus,
