4000 5952
256 450 305 529 viij
937 444 1153 505 PRAEFA'I’IO.

254 607 320 679 ego
333 594 524 679 paternum
543 581 581 650 in
595 604 654 651 me
671 580 833 651 animum
852 593 971 674 gratus
991 602 1103 675 usque
1122 576 1354 650 recordabor.
1376 575 1572 675 Respondit
1598 606 1616 642 a
1640 582 1825 674 sospitator

253 705 473 801 Anthologioe
487 730 607 799 graeca
623 736 642 772 i>
663 705 780 803 ipsum
797 702 943 801 quidem
964 700 1122 773 alienum
1140 725 1215 773 esse
1238 725 1259 772 a
1279 724 1373 771 nova
1393 699 1553 772 editione
1576 700 1823 799 suscipienda,

253 832 315 905 sed
338 831 492 903 libenter
515 829 704 902 nobiscum
729 827 1079 900 communicaturum
1102 851 1181 925 quae
1196 850 1294 933 nunc
1309 825 1355 897 de
1372 824 1520 922 singulis
1542 824 1630 897 locis
1644 825 1824 922 judicaret

252 956 356 1028 aliter
372 979 413 1027 ac
429 954 582 1054 pridem.
606 959 722 1050 Atque
736 965 896 1023 nostram
916 950 953 1020 in
973 950 1121 1046 gratiam
1142 950 1367 1023 venerandus
1388 975 1495 1022 senex
1515 950 1737 1047 Anthologiae
1756 955 1822 1022 Pa·

251 1079 400 1152 latinam
418 1079 614 1151 editionem
634 1078 787 1148 maxima
807 1074 990 1171 diligentia
1013 1073 1156 1172 relegit,
1174 1075 1347 1162 correxit,
1364 1076 1507 1147 criticas
1526 1089 1648 1167 notas,
1670 1074 1733 1148 ubi
1757 1100 1822 1148 ne·

251 1206 445 1276 cessarium
459 1201 664 1291 videbatur,
679 1226 741 1272 sua
756 1224 866 1271 manu
883 1200 1058 1298 appinxit.
1884 1181 1886 1186 ¹

300 1329 558 1401 Pretiosissimo
577 1326 703 1399 codice
712 1324 921 1424 jacobsiano
935 1323 1059 1421 (quern
1072 1321 1244 1421 appellari
1258 1322 1310 1394 las
1325 1320 1391 1419 est)
1405 1322 1451 1393 ad
1477 1348 1544 1394 nos
1563 1322 1725 1422 perlato,
1742 1325 1822 1396 Fir·

250 1452 369 1523 minus
387 1451 516 1540 Didot,
533 1466 572 1522 ut
586 1450 696 1541 solet,
714 1451 876 1547 quaesivit
888 1474 959 1546 qua
971 1450 1112 1520 ratione
1122 1449 1199 1545 jam
1209 1447 1429 1520 instituenda
1444 1463 1536 1521 esset
1548 1472 1659 1544 quam
1672 1448 1823 1547 parabat

248 1576 462 1665 editionem,
489 1602 563 1674 quo
588 1574 773 1647 literarum
802 1599 994 1671 graecarum
1014 1573 1219 1644 amantibus
1241 1588 1276 1643 ct
1300 1573 1467 1645 studiosis
1489 1598 1599 1672 quam
1622 1570 1820 1671 plurimum

247 1700 331 1772 inde
341 1699 525 1772 commodi
540 1699 653 1772 fieret.
667 1698 721 1771 lbi
735 1697 846 1769 latina
859 1698 1020 1793 Hugonis
1031 1698 1147 1770 Grotii
1163 1697 1417 1770 animadvertit
1429 1696 1654 1769 admirabilia
1668 1696 1816 1794 quidem

247 1847 322 1895 esse
349 1823 410 1894 illa
433 1838 469 1894 et
491 1847 637 1921 prorsus
655 1823 844 1918 antiquum
867 1822 1054 1920 spirantia,
1072 1820 1134 1893 sed
1157 1822 1200 1892 iis
1219 1821 1282 1917 qui
1311 1820 1451 1917 singula
1476 1846 1626 1919 quaeque
1652 1836 1818 1894 accurate

246 1947 347 2044 sequi
368 1961 404 2018 et
421 1943 619 2042 intelligere
634 1945 766 2034 velint,
783 1970 857 2017 non
874 1945 958 2016 satis
972 1944 1171 2043 adjumenti
1187 1943 1349 2016 allatura.
1362 1947 1542 2033 Quocirca
1555 1961 1631 2019 tota
1654 1947 1721 2046 ipsi
1744 1950 1818 2018 An·

246 2070 405 2166 thologia
414 2070 464 2141 ad
477 2069 621 2142 verbam
635 2069 734 2168 quod
749 2070 851 2167 ajunt
865 2067 975 2140 latine
988 2070 1160 2143 vertenda
1174 2094 1250 2141 esse
1265 2068 1455 2142 videbatur
1468 2086 1503 2142 et
1518 2095 1601 2143 eum
1616 2073 1655 2143 in
1667 2071 1819 2144 modum

245 2192 454 2266 adornanda
470 2218 544 2291 quo
563 2195 672 2265 ceteri
691 2195 729 2264 in
752 2192 822 2265 hac
840 2192 1050 2266 Bibliotheca
1065 2194 1257 2291 scriptores
1272 2207 1307 2265 et
1327 2209 1442 2292 poetae
1455 2196 1741 2294 conspiciuntur.
1763 2195 1818 2268 Ad

245 2316 422 2414 ejusmodi
436 2343 568 2389 munus
585 2316 794 2390 obeundum
812 2318 871 2390 cui
890 2319 1018 2409 otium,
1035 2318 1200 2391 doctrina
1214 2333 1249 2389 et
1269 2320 1491 2416 poeticarum
1508 2344 1682 2393 venerum
1695 2346 1819 2394 sensus

245 2458 338 2515 esset
356 2457 396 2514 et'
407 2456 624 2542 superesset,
642 2444 809 2515 inventus
827 2458 880 2515 est
896 2448 1072 2535 Borurus,
1090 2444 1193 2541 cujus
1214 2444 1400 2539 ingenium
1422 2459 1459 2516 et
1482 2446 1521 2516 in
1543 2462 1667 2544 poetas
1686 2471 1819 2542 gracia
1907 2512 1912 2519 .

244 2567 446 2665 latinosque
468 2568 596 2638 merita
618 2593 726 2640 nemo
752 2568 877 2639 nescit.
905 2566 1116 2640 Absolverat
1135 2582 1212 2639 tum
1235 2566 1296 2639 ille
1317 2583 1353 2640 et
1371 2570 1604 2642 Comicorum
1622 2595 1818 2666 graecorum

246 2690 444 2788 fragmenta
460 2705 497 2762 et
514 2690 673 2761 Athenaei
702 2689 1060 2788 dipuosophistarum
1092 2690 1381 2784 translationem,
1403 2692 1581 2765 Diudorfii
1613 2719 1692 2790 quae
1721 2720 1819 2769 nunc

244 2813 387 2912 prelum
414 2827 555 2885 exercet
581 2837 683 2883 novar
705 2812 907 2884 recensioni
935 2837 1009 2910 prae
1037 2816 1339 2915 Dalechampiana
1368 2818 1533 2890 versione
1562 2817 1815 2915 adjiciendam.

245 2942 364 3025 Quare
380 2936 481 3009 laetus
495 2936 620 3009 Didoti
636 2935 747 3007 literis
766 2937 843 3007 sine
860 2960 962 3006 mora
974 2940 1155 3011 Musarum
1171 2955 1275 3038 prata
1295 2941 1534 3013 amoenissima
1557 2942 1735 3038 ingressus
1750 2959 1816 3034 est,

244 3086 357 3159 gram
383 3086 545 3159 quoque,
565 3075 604 3132 ut
622 3085 644 3130 a
659 3061 786 3132 critico
808 3060 888 3132 viro
914 3064 1111 3159 exspectari
1137 3077 1299 3162 poterat,
1326 3090 1394 3163 pro
1422 3064 1517 3137 virili
1548 3067 1815 3141 emendaturus.

245 3184 463 3259 Labentibus
477 3185 581 3255 annis
597 3185 777 3283 optimum
794 3184 914 3255 rhum
930 3209 1006 3256 non
1018 3187 1128 3260 ardor
1145 3215 1307 3286 unquam
1326 3215 1444 3289 neque
1457 3191 1641 3282 alacritas,
1660 3193 1723 3266 sed
1746 3196 1820 3267 vita

245 3309 408 3383 destituit
420 3334 530 3409 opere
548 3333 622 3381 non
640 3307 819 3383 absoluto.
836 3313 944 3400 Quod
959 3314 1089 3386 iterum
1098 3315 1249 3413 pendere
1263 3323 1494 3415 interruptam
1514 3319 1671 3391 :iterum
1684 3319 1819 3393 harere

245 3450 282 3509 et
292 3436 569 3534 circumspicere
586 3434 752 3507 Didotus.

238 3586 241 3609 2
292 3565 433 3632 Interea
443 3559 621 3658 quidquid
632 3576 686 3631 est
693 3560 887 3634 hominum
901 3562 1139 3635 eruditiorum
1148 3579 1185 3635 et
1198 3562 1425 3661 elegantioris
1434 3565 1607 3637 doctrinae
1620 3566 1817 3638 amantium

244 3708 311 3781 per
328 3698 441 3754 totam
454 3681 609 3755 Galliam
624 3683 824 3755 tristissimo
838 3684 1046 3781 percellitur
1061 3689 1190 3759 nuntio
1200 3695 1217 3757 ¹:
1238 3688 1430 3762 decessisse
1458 3688 1715 3762 humaniorum
1743 3688 1819 3762 lite·

245 3830 367 3878 rarum
381 3804 491 3877 decus
500 3819 536 3876 et
546 3829 612 3903 per
629 3807 806 3901 sexaginta
817 3805 985 3903 (⁴¹)annos
997 3811 1208 3907 magistrum
1218 3825 1292 3882 tam
1306 3811 1543 3911 popularibus
1552 3837 1664 3911 quam
1674 3816 1815 3887 exteris.

247 3930 290 3998 At
307 3926 457 4023 dignum
474 3942 575 4001 tanto
594 3943 695 4027 patre
718 3929 852 4021 filium,
867 3937 1066 4006 Gusravuu
1092 3937 1332 4027 Borssouine,
1348 3960 1566 4033 quamquam
1590 3937 1628 4008 in
1643 3936 1734 4034 juris
1753 3963 1818 4037 pe·

246 4050 442 4123 netralibus
456 4051 699 4144 habitantem,
721 4081 916 4152 graecarum
929 4057 1138 4130 chartarum
1150 4060 1189 4132 in
1201 4060 1400 4133 hereditate
1418 4074 1568 4158 paterna
1587 4062 1713 4157 ingens
1734 4062 1816 4134 the·

244 4186 371 4248 saurus
391 4177 541 4249 minime
562 4177 691 4250 habuit
713 4181 932 4279 imparatum
958 4210 966 4253 z
994 4181 1150 4281 plurima
1168 4180 1231 4253 diu
1255 4182 1415 4278 neglecta
1433 4197 1470 4253 et
1493 4180 1745 4279 sibyllinorum
1769 4184 1817 4257 ad

245 4302 356 4373 instar
368 4301 540 4375 foliorum
549 4303 708 4403 dispersa
717 4305 790 4376 suis
803 4330 954 4405 quaeque
963 4306 1065 4400 locis,
1080 4332 1147 4379 suo
1161 4306 1356 4405 particulas
1370 4331 1532 4405 quasque
1541 4307 1645 4405 operi
1658 4308 1818 4381 reddidit

244 4423 352 4496 docta
374 4440 410 4496 et
433 4427 492 4524 pia
511 4427 655 4523 juvenis
675 4430 743 4501 viri
762 4429 958 4527 diligentia.
979 4432 1037 4504 Sic
1056 4433 1329 4505 annotationem
1348 4433 1384 4502 in
1406 4431 1665 4530 epigrammata
1681 4458 1815 4530 graeca,

245 4546 415 4619 brevibus
433 4550 603 4623 chartulis
621 4555 851 4627 commissam
864 4571 901 4627 et
909 4580 975 4655 per
988 4557 1114 4653 viginti
1127 4581 1271 4629 annosa
1284 4573 1387 4655 patre
1401 4557 1629 4648 derelictam,
1645 4572 1815 4656 tanquam

246 4671 411 4745 Virbium
433 4673 685 4776 undecumque
709 4679 854 4776 collegit
874 4706 946 4752 una
971 4706 1056 4754 cum
1080 4683 1201 4779 graecis
1222 4683 1332 4780 patris
1357 4706 1469 4757 mauu
1491 4683 1682 4770 correctis,
1711 4696 1820 4780 atque

245 4821 337 4894 opus
358 4797 575 4872 Bibliotheca
592 4794 793 4873 Didotianae
808 4803 897 4875 olim
919 4802 1138 4878 destinatum
1159 4806 1254 4878 lelici
1275 4830 1385 4904 opera
1403 4793 1627 4880 instauravit.
1656 4810 1815 4880 Benevo-

281 5028 316 5097 Γ)
331 5030 381 5082 Per
393 5046 476 5084 annos
487 5038 644 5099 sexaginta!
652 5031 721 5085 Nam
738 5030 852 5088 docendi
871 5035 976 5089 initium
991 5035 1082 5091 secisse
1095 5036 1225 5093 dicendus
1241 5049 1280 5093 est
1292 5038 1478 5094 Boissonadius
1491 5055 1545 5110 quo
1563 5054 1635 5095 anuo
1649 5039 1746 5111 scripta
1765 5037 1820 5092 dis·

244 5127 386 5180 sertatmne
396 5126 532 5201 respondit
544 5127 693 5184 Academia
708 5127 743 5184 ad
760 5133 933 5203 questionem
947 5133 1100 5206 hujusmodi
1116 5153 1123 5190 :
1138 5136 1294 5192 Rechemher
1306 5138 1342 5192 les
1363 5154 1466 5208 muyans
1485 5134 1517 5188 de
1538 5134 1654 5190 ranimer
1671 5155 1702 5191 ea
1721 5139 1822 5190 Fiarrce

243 5220 344 5279 Pieriis
353 5223 391 5278 da
403 5243 462 5295 grec
475 5236 501 5280 et
513 5224 551 5280 da
564 5226 648 5292 latia,
664 5226 789 5283 antehoc
803 5228 929 5285 seculum
941 5249 1013 5287 anuo
1023 5233 1107 5289 altero
1135 5234 1362 5291 unccxcvm.
