<?xml version="1.0" encoding="UTF-8"?>
<!DOCTYPE html PUBLIC "-//W3C//DTD XHTML 1.0 Transitional//EN"
    "http://www.w3.org/TR/xhtml1/DTD/xhtml1-transitional.dtd">
<html xmlns="http://www.w3.org/1999/xhtml" xml:lang="en" lang="en">
 <head>
  <title>
</title>
<meta http-equiv="Content-Type" content="text/html;charset=utf-8" />
  <meta name='ocr-system' content='tesseract 3.04.00' />
  <meta name='ocr-capabilities' content='ocr_page ocr_carea ocr_par ocr_line ocrx_word'/>
</head>
<body>
  <div class='ocr_page' id='page_1' title='image "./epigrammatumant03plangoog/epigrammatumant03plangoog_0024.png"; bbox 0 0 4000 5952; ppageno 0'>
   <div class='ocr_carea' id='block_1_1' title="bbox 722 393 1782 483">
    <p class='ocr_par' dir='ltr' id='par_1_1' title="bbox 722 393 1782 483">
     <span class='ocr_line' id='line_1_1' title="bbox 722 393 1782 483; baseline 0.025 -28"><span class='ocrx_word' id='word_1_1' title='bbox 722 393 1009 462; x_wconf 76' lang='lat' dir='ltr'>PROLEGOMENA</span> <span class='ocrx_word' id='word_1_2' title='bbox 1029 402 1236 466; x_wconf 81' lang='lat' dir='ltr'><strong>BREVlOliA.</strong></span> <span class='ocrx_word' id='word_1_3' title='bbox 1713 419 1782 483; x_wconf 79' lang='lat' dir='ltr'><strong>&#39;six</strong></span> 
     </span>
    </p>
   </div>
   <div class='ocr_carea' id='block_1_2' title="bbox 167 527 1781 1068">
    <p class='ocr_par' dir='ltr' id='par_1_2' title="bbox 167 527 1781 1068">
     <span class='ocr_line' id='line_1_2' title="bbox 169 527 1779 625; baseline 0.018 -41"><span class='ocrx_word' id='word_1_4' title='bbox 169 527 224 585; x_wconf 85' lang='lat' dir='ltr'><strong>Per</strong></span> <span class='ocrx_word' id='word_1_5' title='bbox 234 527 311 586; x_wconf 91' lang='lat' dir='ltr'><strong>hunc</strong></span> <span class='ocrx_word' id='word_1_6' title='bbox 323 539 480 586; x_wconf 86' lang='lat' dir='ltr'><strong>restaurata</strong></span> <span class='ocrx_word' id='word_1_7' title='bbox 491 539 520 584; x_wconf 89' lang='lat' dir='ltr'><strong>et</strong></span> <span class='ocrx_word' id='word_1_8' title='bbox 536 527 690 604; x_wconf 89' lang='lat' dir='ltr'><strong>insigniter</strong></span> <span class='ocrx_word' id='word_1_9' title='bbox 708 531 823 589; x_wconf 80' lang='lat' dir='ltr'><strong>exculta</strong></span> <span class='ocrx_word' id='word_1_10' title='bbox 836 531 949 592; x_wconf 83' lang='lat' dir='ltr'><strong>heroici</strong></span> <span class='ocrx_word' id='word_1_11' title='bbox 995 535 1204 598; x_wconf 82' lang='lat' dir='ltr'><strong>Constantinus</strong></span> <span class='ocrx_word' id='word_1_12' title='bbox 1220 541 1495 622; x_wconf 73' lang='lat' dir='ltr'><strong>porphyrogeneto,</strong></span> <span class='ocrx_word' id='word_1_13' title='bbox 1517 562 1549 607; x_wconf 92' lang='lat' dir='ltr'><strong>ut</strong></span> <span class='ocrx_word' id='word_1_14' title='bbox 1566 551 1713 625; x_wconf 88' lang='lat' dir='ltr'><strong>ingentem</strong></span> <span class='ocrx_word' id='word_1_15' title='bbox 1728 575 1779 613; x_wconf 84' lang='lat' dir='ltr'><strong>ve·</strong></span> 
     </span>
     <span class='ocr_line' id='line_1_3' title="bbox 169 616 1780 713; baseline 0.02 -43"><span class='ocrx_word' id='word_1_16' title='bbox 169 633 269 674; x_wconf 80' lang='lat' dir='ltr'><strong>versus</strong></span> <span class='ocrx_word' id='word_1_17' title='bbox 283 616 439 691; x_wconf 77' lang='lat' dir='ltr'><strong>elegantia,</strong></span> <span class='ocrx_word' id='word_1_18' title='bbox 464 616 504 674; x_wconf 89' lang='lat' dir='ltr'><strong>ita</strong></span> <span class='ocrx_word' id='word_1_19' title='bbox 518 629 550 674; x_wconf 89' lang='lat' dir='ltr'><strong>ut</strong></span> <span class='ocrx_word' id='word_1_20' title='bbox 574 629 679 695; x_wconf 88' lang='lat' dir='ltr'><strong>praeter</strong></span> <span class='ocrx_word' id='word_1_21' title='bbox 693 619 861 677; x_wconf 87' lang='lat' dir='ltr'><strong>varietatem</strong></span> <span class='ocrx_word' id='word_1_22' title='bbox 886 641 947 681; x_wconf 88' lang='lat' dir='ltr'><strong>ma·</strong></span> <span class='ocrx_word' id='word_1_23' title='bbox 996 621 1067 680; x_wconf 90' lang='lat' dir='ltr'><strong>teris</strong></span> <span class='ocrx_word' id='word_1_24' title='bbox 1081 624 1258 684; x_wconf 89' lang='lat' dir='ltr'><strong>eruditionis</strong></span> <span class='ocrx_word' id='word_1_25' title='bbox 1271 630 1421 689; x_wconf 78' lang='lat' dir='ltr'><strong>materiam</strong></span> <span class='ocrx_word' id='word_1_26' title='bbox 1436 633 1468 691; x_wconf 90' lang='lat' dir='ltr'><strong>in</strong></span> <span class='ocrx_word' id='word_1_27' title='bbox 1479 637 1684 713; x_wconf 80' lang='lat' dir='ltr'><strong>compendium</strong></span> <span class='ocrx_word' id='word_1_28' title='bbox 1694 642 1780 702; x_wconf 88' lang='lat' dir='ltr'><strong>redi·</strong></span> 
     </span>
     <span class='ocr_line' id='line_1_4' title="bbox 167 700 1781 795; baseline 0.028 -51"><span class='ocrx_word' id='word_1_29' title='bbox 167 703 258 761; x_wconf 60' lang='lat' dir='ltr'><strong>torem</strong></span> <span class='ocrx_word' id='word_1_30' title='bbox 272 703 345 761; x_wconf 72' lang='lat' dir='ltr'><strong>nihil</strong></span> <span class='ocrx_word' id='word_1_31' title='bbox 361 704 420 763; x_wconf 80' lang='lat' dir='ltr'><strong>sere</strong></span> <span class='ocrx_word' id='word_1_32' title='bbox 429 704 462 763; x_wconf 82' lang='lat' dir='ltr'><strong>i&#39;rr</strong></span> <span class='ocrx_word' id='word_1_33' title='bbox 471 704 535 780; x_wconf 86' lang='lat' dir='ltr'><strong>ejus</strong></span> <span class='ocrx_word' id='word_1_34' title='bbox 546 705 776 766; x_wconf 76' lang='lat' dir='ltr'><strong>conformatione</strong></span> <span class='ocrx_word' id='word_1_35' title='bbox 786 700 947 785; x_wconf 84' lang='lat' dir='ltr'><strong>desideres,</strong></span> <span class='ocrx_word' id='word_1_36' title='bbox 996 722 1093 785; x_wconf 85' lang='lat' dir='ltr'><strong>geret,</strong></span> <span class='ocrx_word' id='word_1_37' title='bbox 1110 730 1146 769; x_wconf 86' lang='lat' dir='ltr'><strong>ex</strong></span> <span class='ocrx_word' id='word_1_38' title='bbox 1160 713 1330 790; x_wconf 80' lang='lat' dir='ltr'><strong>historicis,</strong></span> <span class='ocrx_word' id='word_1_39' title='bbox 1344 719 1482 795; x_wconf 84' lang='lat' dir='ltr'><strong>medicis,</strong></span> <span class='ocrx_word' id='word_1_40' title='bbox 1499 727 1688 786; x_wconf 87' lang='lat' dir='ltr'><strong>oeconomicis</strong></span> <span class='ocrx_word' id='word_1_41' title='bbox 1703 729 1781 790; x_wconf 89' lang='lat' dir='ltr'><strong>aliis·</strong></span> 
     </span>
     <span class='ocr_line' id='line_1_5' title="bbox 167 794 1781 895; baseline 0.016 -44"><span class='ocrx_word' id='word_1_42' title='bbox 167 796 263 852; x_wconf 83' lang='lat' dir='ltr'><strong>exorti</strong></span> <span class='ocrx_word' id='word_1_43' title='bbox 278 805 346 852; x_wconf 88' lang='lat' dir='ltr'><strong>sunt</strong></span> <span class='ocrx_word' id='word_1_44' title='bbox 359 813 424 852; x_wconf 91' lang='lat' dir='ltr'><strong>cum</strong></span> <span class='ocrx_word' id='word_1_45' title='bbox 443 794 474 853; x_wconf 91' lang='lat' dir='ltr'><strong>in</strong></span> <span class='ocrx_word' id='word_1_46' title='bbox 487 794 608 853; x_wconf 90' lang='lat' dir='ltr'><strong>heroico</strong></span> <span class='ocrx_word' id='word_1_47' title='bbox 622 815 744 874; x_wconf 82' lang='lat' dir='ltr'><strong>poeseos</strong></span> <span class='ocrx_word' id='word_1_48' title='bbox 759 814 874 872; x_wconf 81' lang='lat' dir='ltr'><strong>genere,</strong></span> <span class='ocrx_word' id='word_1_49' title='bbox 888 811 948 858; x_wconf 89' lang='lat' dir='ltr'><strong>turn</strong></span> <span class='ocrx_word' id='word_1_50' title='bbox 998 817 1055 875; x_wconf 92' lang='lat' dir='ltr'><strong>que</strong></span> <span class='ocrx_word' id='word_1_51' title='bbox 1089 801 1284 880; x_wconf 77' lang='lat' dir='ltr'><strong>scriptoribus</strong></span> <span class='ocrx_word' id='word_1_52' title='bbox 1322 821 1458 887; x_wconf 86' lang='lat' dir='ltr'><strong>excerpta</strong></span> <span class='ocrx_word' id='word_1_53' title='bbox 1496 810 1626 871; x_wconf 83' lang='lat' dir='ltr'><strong>iacienda</strong></span> <span class='ocrx_word' id='word_1_54' title='bbox 1659 834 1781 895; x_wconf 93' lang='lat' dir='ltr'><strong>eamque</strong></span> 
     </span>
     <span class='ocr_line' id='line_1_6' title="bbox 168 882 1779 971; baseline 0.016 -31"><span class='ocrx_word' id='word_1_55' title='bbox 168 883 199 940; x_wconf 89' lang='lat' dir='ltr'><strong>in</strong></span> <span class='ocrx_word' id='word_1_56' title='bbox 220 882 286 943; x_wconf 89' lang='lat' dir='ltr'><strong>aliis</strong></span> <span class='ocrx_word' id='word_1_57' title='bbox 303 883 471 954; x_wconf 87' lang='lat' dir='ltr'><strong>nonnullis,</strong></span> <span class='ocrx_word' id='word_1_58' title='bbox 487 896 579 962; x_wconf 81' lang='lat' dir='ltr'><strong>poetae</strong></span> <span class='ocrx_word' id='word_1_59' title='bbox 592 886 662 961; x_wconf 92' lang='lat' dir='ltr'><strong>qui,</strong></span> <span class='ocrx_word' id='word_1_60' title='bbox 684 886 760 944; x_wconf 91' lang='lat' dir='ltr'><strong>viam</strong></span> <span class='ocrx_word' id='word_1_61' title='bbox 780 885 877 944; x_wconf 91' lang='lat' dir='ltr'><strong>Nonni</strong></span> <span class='ocrx_word' id='word_1_62' title='bbox 899 904 949 943; x_wconf 85' lang='lat' dir='ltr'><strong>re·</strong></span> <span class='ocrx_word' id='word_1_63' title='bbox 997 887 1169 965; x_wconf 84' lang='lat' dir='ltr'><strong>farraginem</strong></span> <span class='ocrx_word' id='word_1_64' title='bbox 1186 892 1346 952; x_wconf 90' lang='lat' dir='ltr'><strong>secundum</strong></span> <span class='ocrx_word' id='word_1_65' title='bbox 1360 911 1596 971; x_wconf 86' lang='lat' dir='ltr'><strong>argumentorum</strong></span> <span class='ocrx_word' id='word_1_66' title='bbox 1610 903 1779 964; x_wconf 90' lang='lat' dir='ltr'><strong>varietatem</strong></span> 
     </span>
     <span class='ocr_line' id='line_1_7' title="bbox 167 971 1781 1068; baseline 0.015 -40"><span class='ocrx_word' id='word_1_67' title='bbox 167 972 263 1048; x_wconf 87' lang='lat' dir='ltr'><strong>stigiis</strong></span> <span class='ocrx_word' id='word_1_68' title='bbox 275 971 444 1049; x_wconf 85' lang='lat' dir='ltr'><strong>impressam</strong></span> <span class='ocrx_word' id='word_1_69' title='bbox 465 991 652 1049; x_wconf 86' lang='lat' dir='ltr'><strong>magnacum</strong></span> <span class='ocrx_word' id='word_1_70' title='bbox 674 974 822 1032; x_wconf 86' lang='lat' dir='ltr'><strong>alacritate</strong></span> <span class='ocrx_word' id='word_1_71' title='bbox 841 973 949 1045; x_wconf 87' lang='lat' dir='ltr'><strong>secuti,</strong></span> <span class='ocrx_word' id='word_1_72' title='bbox 997 977 1029 1036; x_wconf 92' lang='lat' dir='ltr'><strong>in</strong></span> <span class='ocrx_word' id='word_1_73' title='bbox 1053 980 1149 1057; x_wconf 88' lang='lat' dir='ltr'><strong>capita</strong></span> <span class='ocrx_word' id='word_1_74' title='bbox 1178 980 1366 1057; x_wconf 88' lang='lat' dir='ltr'><strong>redigendam</strong></span> <span class='ocrx_word' id='word_1_75' title='bbox 1396 984 1533 1059; x_wconf 85' lang='lat' dir='ltr'><strong>curabat,</strong></span> <span class='ocrx_word' id='word_1_76' title='bbox 1559 989 1634 1048; x_wconf 88' lang='lat' dir='ltr'><strong>alius</strong></span> <span class='ocrx_word' id='word_1_77' title='bbox 1660 993 1781 1068; x_wconf 83' lang='lat' dir='ltr'><strong>quidam</strong></span> 
     </span>
    </p>
   </div>
   <div class='ocr_carea' id='block_1_3' title="bbox 164 1059 1816 4576">
    <p class='ocr_par' dir='ltr' id='par_1_3' title="bbox 164 1059 1816 4224">
     <span class='ocr_line' id='line_1_8' title="bbox 167 1059 1781 1153; baseline 0.007 -36"><span class='ocrx_word' id='word_1_78' title='bbox 167 1074 280 1120; x_wconf 79' lang='lat' dir='ltr'><strong>veteres</strong></span> <span class='ocrx_word' id='word_1_79' title='bbox 320 1059 432 1119; x_wconf 76' lang='lat' dir='ltr'><strong>fabulas</strong></span> <span class='ocrx_word' id='word_1_80' title='bbox 457 1061 533 1120; x_wconf 89' lang='lat' dir='ltr'><strong>haud</strong></span> <span class='ocrx_word' id='word_1_81' title='bbox 573 1062 783 1120; x_wconf 89' lang='lat' dir='ltr'><strong>contemnendo</strong></span> <span class='ocrx_word' id='word_1_82' title='bbox 816 1080 951 1121; x_wconf 84' lang='lat' dir='ltr'><strong>successu</strong></span> <span class='ocrx_word' id='word_1_83' title='bbox 996 1067 1215 1129; x_wconf 81' lang='lat' dir='ltr'><strong>Cousrxrrrnms</strong></span> <span class='ocrx_word' id='word_1_84' title='bbox 1230 1073 1406 1147; x_wconf 85' lang='lat' dir='ltr'><strong>cognomine</strong></span> <span class='ocrx_word' id='word_1_85' title='bbox 1421 1074 1584 1149; x_wconf 72' lang='lat' dir='ltr'><strong>Ceramus,</strong></span> <span class='ocrx_word' id='word_1_86' title='bbox 1603 1081 1719 1153; x_wconf 70' lang='lat' dir='ltr'><strong>ignotus</strong></span> <span class='ocrx_word' id='word_1_87' title='bbox 1735 1102 1781 1140; x_wconf 60' lang='grc' dir='ltr'><strong>ορ.</strong></span> 
     </span>
     <span class='ocr_line' id='line_1_9' title="bbox 166 1147 1779 1239; baseline 0.009 -26"><span class='ocrx_word' id='word_1_88' title='bbox 166 1162 353 1208; x_wconf 81' lang='lat' dir='ltr'><strong>exornarent.</strong></span> <span class='ocrx_word' id='word_1_89' title='bbox 399 1147 433 1207; x_wconf 82' lang='lat' dir='ltr'><strong>Et</strong></span> <span class='ocrx_word' id='word_1_90' title='bbox 451 1150 693 1229; x_wconf 79' lang='lat' dir='ltr'><strong>epigrammatum</strong></span> <span class='ocrx_word' id='word_1_91' title='bbox 705 1168 822 1227; x_wconf 87' lang='lat' dir='ltr'><strong>quoque</strong></span> <span class='ocrx_word' id='word_1_92' title='bbox 837 1161 949 1208; x_wconf 84' lang='lat' dir='ltr'><strong>sextum</strong></span> <span class='ocrx_word' id='word_1_93' title='bbox 997 1157 1133 1235; x_wconf 83' lang='lat' dir='ltr'><strong>raroquin</strong></span> <span class='ocrx_word' id='word_1_94' title='bbox 1148 1159 1254 1232; x_wconf 87' lang='lat' dir='ltr'><strong>horno,</strong></span> <span class='ocrx_word' id='word_1_95' title='bbox 1274 1160 1363 1219; x_wconf 86' lang='lat' dir='ltr'><strong>simili</strong></span> <span class='ocrx_word' id='word_1_96' title='bbox 1388 1162 1515 1239; x_wconf 87' lang='lat' dir='ltr'><strong>quodam</strong></span> <span class='ocrx_word' id='word_1_97' title='bbox 1532 1165 1656 1224; x_wconf 87' lang='lat' dir='ltr'><strong>consilio</strong></span> <span class='ocrx_word' id='word_1_98' title='bbox 1681 1182 1779 1228; x_wconf 83' lang='lat' dir='ltr'><strong>vetera</strong></span> 
     </span>
     <span class='ocr_line' id='line_1_10' title="bbox 167 1236 1778 1331; baseline 0.009 -30"><span class='ocrx_word' id='word_1_99' title='bbox 167 1250 234 1317; x_wconf 87' lang='lat' dir='ltr'><strong>post</strong></span> <span class='ocrx_word' id='word_1_100' title='bbox 246 1238 315 1298; x_wconf 85' lang='lat' dir='ltr'><strong>chr.</strong></span> <span class='ocrx_word' id='word_1_101' title='bbox 329 1238 466 1297; x_wconf 81' lang='lat' dir='ltr'><strong>saeculum</strong></span> <span class='ocrx_word' id='word_1_102' title='bbox 479 1250 507 1296; x_wconf 81' lang='lat' dir='ltr'><strong>et</strong></span> <span class='ocrx_word' id='word_1_103' title='bbox 515 1236 675 1297; x_wconf 81' lang='lat' dir='ltr'><strong>iustiniani</strong></span> <span class='ocrx_word' id='word_1_104' title='bbox 685 1238 868 1316; x_wconf 84' lang='lat' dir='ltr'><strong>potissimum</strong></span> <span class='ocrx_word' id='word_1_105' title='bbox 884 1250 951 1296; x_wconf 79' lang='lat' dir='ltr'><strong>aetas</strong></span> <span class='ocrx_word' id='word_1_106' title='bbox 996 1242 1048 1301; x_wconf 90' lang='lat' dir='ltr'><strong>illa</strong></span> <span class='ocrx_word' id='word_1_107' title='bbox 1073 1244 1227 1321; x_wconf 84' lang='lat' dir='ltr'><strong>Florilegia</strong></span> <span class='ocrx_word' id='word_1_108' title='bbox 1249 1247 1434 1326; x_wconf 74' lang='lat' dir='ltr'><strong>compilando</strong></span> <span class='ocrx_word' id='word_1_109' title='bbox 1453 1263 1482 1309; x_wconf 86' lang='lat' dir='ltr'><strong>et</strong></span> <span class='ocrx_word' id='word_1_110' title='bbox 1503 1269 1539 1309; x_wconf 86' lang='lat' dir='ltr'><strong>ex</strong></span> <span class='ocrx_word' id='word_1_111' title='bbox 1560 1254 1778 1331; x_wconf 81' lang='lat' dir='ltr'><strong>epigrammatis</strong></span> 
     </span>
     <span class='ocr_line' id='line_1_11' title="bbox 168 1323 1780 1417; baseline 0.012 -33"><span class='ocrx_word' id='word_1_112' title='bbox 168 1327 264 1386; x_wconf 87' lang='lat' dir='ltr'><strong>laetum</strong></span> <span class='ocrx_word' id='word_1_113' title='bbox 277 1339 453 1406; x_wconf 83' lang='lat' dir='ltr'><strong>proventum</strong></span> <span class='ocrx_word' id='word_1_114' title='bbox 468 1323 579 1383; x_wconf 90' lang='lat' dir='ltr'><strong>hahuit.</strong></span> <span class='ocrx_word' id='word_1_115' title='bbox 595 1329 659 1383; x_wconf 86' lang='lat' dir='ltr'><strong>Hoc</strong></span> <span class='ocrx_word' id='word_1_116' title='bbox 674 1326 753 1384; x_wconf 91' lang='lat' dir='ltr'><strong>enim</strong></span> <span class='ocrx_word' id='word_1_117' title='bbox 775 1344 839 1383; x_wconf 83' lang='lat' dir='ltr'><strong>aero</strong></span> <span class='ocrx_word' id='word_1_118' title='bbox 853 1323 953 1384; x_wconf 84' lang='lat' dir='ltr'><strong>tloruir</strong></span> <span class='ocrx_word' id='word_1_119' title='bbox 999 1328 1068 1388; x_wconf 89' lang='lat' dir='ltr'><strong>inde</strong></span> <span class='ocrx_word' id='word_1_120' title='bbox 1082 1332 1197 1391; x_wconf 86' lang='lat' dir='ltr'><strong>selectis</strong></span> <span class='ocrx_word' id='word_1_121' title='bbox 1212 1352 1322 1393; x_wconf 85' lang='lat' dir='ltr'><strong>norum</strong></span> <span class='ocrx_word' id='word_1_122' title='bbox 1341 1350 1512 1413; x_wconf 79' lang='lat' dir='ltr'><strong>syntagma,</strong></span> <span class='ocrx_word' id='word_1_123' title='bbox 1533 1340 1569 1397; x_wconf 86' lang='lat' dir='ltr'><strong>ad</strong></span> <span class='ocrx_word' id='word_1_124' title='bbox 1586 1342 1731 1417; x_wconf 74' lang='lat' dir='ltr'><strong>Agathiae,</strong></span> <span class='ocrx_word' id='word_1_125' title='bbox 1748 1358 1780 1403; x_wconf 90' lang='lat' dir='ltr'><strong>ut</strong></span> 
     </span>
     <span class='ocr_line' id='line_1_12' title="bbox 167 1413 1816 1507; baseline 0.01 -34"><span class='ocrx_word' id='word_1_126' title='bbox 167 1420 318 1473; x_wconf 79' lang='lat' dir='ltr'><strong>Marianus</strong></span> <span class='ocrx_word' id='word_1_127' title='bbox 331 1417 538 1482; x_wconf 70' lang='lat' dir='ltr'><strong>deliciantem,</strong></span> <span class='ocrx_word' id='word_1_128' title='bbox 555 1414 731 1489; x_wconf 87' lang='lat' dir='ltr'><strong>elegantium</strong></span> <span class='ocrx_word' id='word_1_129' title='bbox 754 1413 866 1490; x_wconf 82' lang='lat' dir='ltr'><strong>aliquot</strong></span> <span class='ocrx_word' id='word_1_130' title='bbox 887 1415 951 1491; x_wconf 91' lang='lat' dir='ltr'><strong>epi·</strong></span> <span class='ocrx_word' id='word_1_131' title='bbox 997 1416 1122 1490; x_wconf 81' lang='lat' dir='ltr'><strong>ridetur,</strong></span> <span class='ocrx_word' id='word_1_132' title='bbox 1139 1421 1304 1498; x_wconf 90' lang='lat' dir='ltr'><strong>exemplum</strong></span> <span class='ocrx_word' id='word_1_133' title='bbox 1320 1422 1353 1480; x_wconf 93' lang='lat' dir='ltr'><strong>in</strong></span> <span class='ocrx_word' id='word_1_134' title='bbox 1370 1423 1455 1501; x_wconf 91' lang='lat' dir='ltr'><strong>plura</strong></span> <span class='ocrx_word' id='word_1_135' title='bbox 1470 1427 1565 1504; x_wconf 89' lang='lat' dir='ltr'><strong>capita</strong></span> <span class='ocrx_word' id='word_1_136' title='bbox 1579 1426 1776 1507; x_wconf 90' lang='lat' dir='ltr'><strong>descriptum,</strong></span> <span class='ocrx_word' id='word_1_137' title='bbox 1810 1432 1816 1439; x_wconf 79' lang='grc'><em>”</em></span> 
     </span>
     <span class='ocr_line' id='line_1_13' title="bbox 166 1502 1779 1593; baseline 0.01 -33"><span class='ocrx_word' id='word_1_138' title='bbox 166 1516 359 1577; x_wconf 83' lang='lat' dir='ltr'><strong>grammatum</strong></span> <span class='ocrx_word' id='word_1_139' title='bbox 383 1514 501 1571; x_wconf 82' lang='lat' dir='ltr'><strong>auotor3</strong></span> <span class='ocrx_word' id='word_1_140' title='bbox 523 1502 732 1571; x_wconf 76' lang='lat' dir='ltr'><strong>christodorus,</strong></span> <span class='ocrx_word' id='word_1_141' title='bbox 755 1502 826 1577; x_wconf 92' lang='lat' dir='ltr'><strong>qui,</strong></span> <span class='ocrx_word' id='word_1_142' title='bbox 848 1513 953 1579; x_wconf 82' lang='lat' dir='ltr'><strong>praeler</strong></span> <span class='ocrx_word' id='word_1_143' title='bbox 998 1506 1183 1565; x_wconf 90' lang='lat' dir='ltr'><strong>condendum</strong></span> <span class='ocrx_word' id='word_1_144' title='bbox 1196 1519 1225 1565; x_wconf 93' lang='lat' dir='ltr'><strong>et</strong></span> <span class='ocrx_word' id='word_1_145' title='bbox 1236 1510 1471 1571; x_wconf 91' lang='lat' dir='ltr'><strong>concinnandum</strong></span> <span class='ocrx_word' id='word_1_146' title='bbox 1485 1517 1624 1593; x_wconf 88' lang='lat' dir='ltr'><strong>suscepit.</strong></span> <span class='ocrx_word' id='word_1_147' title='bbox 1640 1515 1710 1576; x_wconf 86' lang='lat' dir='ltr'><strong>Post</strong></span> <span class='ocrx_word' id='word_1_148' title='bbox 1722 1518 1779 1577; x_wconf 92' lang='lat' dir='ltr'><strong>hoc</strong></span> 
     </span>
     <span class='ocr_line' id='line_1_14' title="bbox 167 1587 1779 1678; baseline 0.009 -30"><span class='ocrx_word' id='word_1_149' title='bbox 167 1592 387 1668; x_wconf 89' lang='lat' dir='ltr'><strong>epigrammata,</strong></span> <span class='ocrx_word' id='word_1_150' title='bbox 398 1600 557 1646; x_wconf 86' lang='lat' dir='ltr'><strong>statuarum</strong></span> <span class='ocrx_word' id='word_1_151' title='bbox 567 1587 713 1668; x_wconf 90' lang='lat' dir='ltr'><strong>Zeuxippi</strong></span> <span class='ocrx_word' id='word_1_152' title='bbox 721 1590 949 1667; x_wconf 89' lang='lat' dir='ltr'><strong>descriptionem</strong></span> <span class='ocrx_word' id='word_1_153' title='bbox 998 1613 1072 1672; x_wconf 89' lang='lat' dir='ltr'><strong>opus</strong></span> <span class='ocrx_word' id='word_1_154' title='bbox 1095 1595 1273 1654; x_wconf 85' lang='lat' dir='ltr'><strong>vetustiores</strong></span> <span class='ocrx_word' id='word_1_155' title='bbox 1295 1598 1479 1674; x_wconf 76' lang='lat' dir='ltr'><strong>Anthologiae</strong></span> <span class='ocrx_word' id='word_1_156' title='bbox 1501 1617 1702 1678; x_wconf 87' lang='lat' dir='ltr'><strong>evanuerunt,</strong></span> <span class='ocrx_word' id='word_1_157' title='bbox 1726 1625 1779 1664; x_wconf 90' lang='lat' dir='ltr'><strong>nec</strong></span> 
     </span>
     <span class='ocr_line' id='line_1_15' title="bbox 168 1674 1780 1765; baseline 0.009 -31"><span class='ocrx_word' id='word_1_158' title='bbox 168 1676 289 1755; x_wconf 90' lang='lat' dir='ltr'><strong>reliquit</strong></span> <span class='ocrx_word' id='word_1_159' title='bbox 301 1675 420 1754; x_wconf 90' lang='lat' dir='ltr'><strong>optimis</strong></span> <span class='ocrx_word' id='word_1_160' title='bbox 434 1674 570 1735; x_wconf 89' lang='lat' dir='ltr'><strong>versibus</strong></span> <span class='ocrx_word' id='word_1_161' title='bbox 582 1677 803 1750; x_wconf 79' lang='lat' dir='ltr'><strong>concinnatam3</strong></span> <span class='ocrx_word' id='word_1_162' title='bbox 819 1680 952 1734; x_wconf 82' lang='lat' dir='ltr'><strong>Julianus</strong></span> <span class='ocrx_word' id='word_1_163' title='bbox 998 1681 1120 1740; x_wconf 89' lang='lat' dir='ltr'><strong>multum</strong></span> <span class='ocrx_word' id='word_1_164' title='bbox 1136 1681 1238 1740; x_wconf 91' lang='lat' dir='ltr'><strong>aberat</strong></span> <span class='ocrx_word' id='word_1_165' title='bbox 1251 1683 1324 1760; x_wconf 89' lang='lat' dir='ltr'><strong>quin</strong></span> <span class='ocrx_word' id='word_1_166' title='bbox 1339 1684 1522 1745; x_wconf 86' lang='lat' dir='ltr'><strong>Constantini</strong></span> <span class='ocrx_word' id='word_1_167' title='bbox 1542 1708 1660 1765; x_wconf 91' lang='lat' dir='ltr'><strong>quoque</strong></span> <span class='ocrx_word' id='word_1_168' title='bbox 1680 1689 1780 1750; x_wconf 84' lang='lat' dir='ltr'><strong>Flori-</strong></span> 
     </span>
     <span class='ocr_line' id='line_1_16' title="bbox 169 1765 1779 1851; baseline 0.009 -30"><span class='ocrx_word' id='word_1_169' title='bbox 169 1765 343 1840; x_wconf 89' lang='lat' dir='ltr'><strong>cognomine</strong></span> <span class='ocrx_word' id='word_1_170' title='bbox 364 1769 527 1841; x_wconf 77' lang='lat' dir='ltr'><strong>AEgyptr&#39;us,</strong></span> <span class='ocrx_word' id='word_1_171' title='bbox 550 1767 657 1833; x_wconf 67' lang='lat' dir='ltr'><strong>Ponitis</strong></span> <span class='ocrx_word' id='word_1_172' title='bbox 679 1765 950 1842; x_wconf 81' lang='lat' dir='ltr'><strong>deniqueSilcntio·</strong></span> <span class='ocrx_word' id='word_1_173' title='bbox 997 1767 1104 1845; x_wconf 87' lang='lat' dir='ltr'><strong>legium</strong></span> <span class='ocrx_word' id='word_1_174' title='bbox 1130 1769 1207 1828; x_wconf 89' lang='lat' dir='ltr'><strong>idem</strong></span> <span class='ocrx_word' id='word_1_175' title='bbox 1232 1771 1321 1830; x_wconf 86' lang='lat' dir='ltr'><strong>fatum</strong></span> <span class='ocrx_word' id='word_1_176' title='bbox 1343 1771 1472 1846; x_wconf 89' lang='lat' dir='ltr'><strong>subiret,</strong></span> <span class='ocrx_word' id='word_1_177' title='bbox 1496 1787 1652 1851; x_wconf 88' lang='lat' dir='ltr'><strong>postquam</strong></span> <span class='ocrx_word' id='word_1_178' title='bbox 1672 1777 1779 1836; x_wconf 85' lang='lat' dir='ltr'><strong>saeculo</strong></span> 
     </span>
     <span class='ocr_line' id='line_1_17' title="bbox 169 1849 1779 1933; baseline 0.009 -25"><span class='ocrx_word' id='word_1_179' title='bbox 169 1860 235 1924; x_wconf 83' lang='lat' dir='ltr'><strong>rins,</strong></span> <span class='ocrx_word' id='word_1_180' title='bbox 252 1854 437 1909; x_wconf 75' lang='lat' dir='ltr'><strong>Macedoniae</strong></span> <span class='ocrx_word' id='word_1_181' title='bbox 454 1849 572 1922; x_wconf 89' lang='lat' dir='ltr'><strong>consul,</strong></span> <span class='ocrx_word' id='word_1_182' title='bbox 590 1853 732 1926; x_wconf 74' lang='lat' dir='ltr'><strong>Agathias</strong></span> <span class='ocrx_word' id='word_1_183' title='bbox 752 1854 950 1914; x_wconf 75' lang='lat' dir='ltr'><strong>scholasticus.</strong></span> <span class='ocrx_word' id='word_1_184' title='bbox 996 1854 1109 1914; x_wconf 90' lang='lat' dir='ltr'><strong>decimo</strong></span> <span class='ocrx_word' id='word_1_185' title='bbox 1128 1869 1232 1933; x_wconf 92' lang='lat' dir='ltr'><strong>quarto</strong></span> <span class='ocrx_word' id='word_1_186' title='bbox 1252 1857 1389 1920; x_wconf 76' lang='lat' dir='ltr'><strong>Martinus</strong></span> <span class='ocrx_word' id='word_1_187' title='bbox 1403 1860 1574 1933; x_wconf 74' lang='lat' dir='ltr'><strong>Pmuunns,</strong></span> <span class='ocrx_word' id='word_1_188' title='bbox 1589 1862 1678 1921; x_wconf 90' lang='lat' dir='ltr'><strong>homo</strong></span> <span class='ocrx_word' id='word_1_189' title='bbox 1693 1863 1779 1923; x_wconf 92' lang='lat' dir='ltr'><strong>indu·</strong></span> 
     </span>
     <span class='ocr_line' id='line_1_18' title="bbox 166 1940 1779 2029; baseline 0.007 -30"><span class='ocrx_word' id='word_1_190' title='bbox 166 1941 224 2010; x_wconf 83' lang='lat' dir='ltr'><strong>Qui</strong></span> <span class='ocrx_word' id='word_1_191' title='bbox 239 1959 339 1999; x_wconf 91' lang='lat' dir='ltr'><strong>omnes</strong></span> <span class='ocrx_word' id='word_1_192' title='bbox 347 1940 523 2019; x_wconf 88' lang='lat' dir='ltr'><strong>optimorum</strong></span> <span class='ocrx_word' id='word_1_193' title='bbox 534 1952 683 2016; x_wconf 87' lang='lat' dir='ltr'><strong>poetarum</strong></span> <span class='ocrx_word' id='word_1_194' title='bbox 697 1940 822 2000; x_wconf 90' lang='lat' dir='ltr'><strong>lectione</strong></span> <span class='ocrx_word' id='word_1_195' title='bbox 831 1940 949 2015; x_wconf 89' lang='lat' dir='ltr'><strong>imbuti,</strong></span> <span class='ocrx_word' id='word_1_196' title='bbox 997 1944 1087 2002; x_wconf 83' lang='lat' dir='ltr'><strong>strias</strong></span> <span class='ocrx_word' id='word_1_197' title='bbox 1100 1962 1195 2022; x_wconf 88' lang='lat' dir='ltr'><strong>neque</strong></span> <span class='ocrx_word' id='word_1_198' title='bbox 1208 1945 1363 2023; x_wconf 88' lang='lat' dir='ltr'><strong>indoctus,</strong></span> <span class='ocrx_word' id='word_1_199' title='bbox 1378 1947 1560 2007; x_wconf 84' lang='lat' dir='ltr'><strong>Constantini</strong></span> <span class='ocrx_word' id='word_1_200' title='bbox 1575 1951 1779 2029; x_wconf 79' lang='lat' dir='ltr'><strong>Anthoiogiam</strong></span> 
     </span>
     <span class='ocr_line' id='line_1_19' title="bbox 167 2027 1779 2115; baseline 0.009 -29"><span class='ocrx_word' id='word_1_201' title='bbox 167 2050 258 2107; x_wconf 74' lang='lat' dir='ltr'><strong>&lt;qurum</strong></span> <span class='ocrx_word' id='word_1_202' title='bbox 273 2049 305 2088; x_wconf 91' lang='lat' dir='ltr'><strong>se</strong></span> <span class='ocrx_word' id='word_1_203' title='bbox 321 2029 356 2087; x_wconf 85' lang='lat' dir='ltr'><strong>ad</strong></span> <span class='ocrx_word' id='word_1_204' title='bbox 370 2029 580 2107; x_wconf 88' lang='lat' dir='ltr'><strong>epigrammata</strong></span> <span class='ocrx_word' id='word_1_205' title='bbox 601 2027 760 2087; x_wconf 87' lang='lat' dir='ltr'><strong>scribenda</strong></span> <span class='ocrx_word' id='word_1_206' title='bbox 783 2029 948 2103; x_wconf 89' lang='lat' dir='ltr'><strong>dedissent,</strong></span> <span class='ocrx_word' id='word_1_207' title='bbox 997 2032 1093 2091; x_wconf 91' lang='lat' dir='ltr'><strong>denuo</strong></span> <span class='ocrx_word' id='word_1_208' title='bbox 1108 2033 1319 2111; x_wconf 81' lang='lat' dir='ltr'><strong>compilaverat</strong></span> <span class='ocrx_word' id='word_1_209' title='bbox 1334 2035 1365 2094; x_wconf 93' lang='lat' dir='ltr'><strong>in</strong></span> <span class='ocrx_word' id='word_1_210' title='bbox 1380 2036 1529 2115; x_wconf 86' lang='lat' dir='ltr'><strong>aliumque</strong></span> <span class='ocrx_word' id='word_1_211' title='bbox 1543 2038 1676 2099; x_wconf 84' lang='lat' dir='ltr'><strong>ordinem</strong></span> <span class='ocrx_word' id='word_1_212' title='bbox 1695 2041 1779 2100; x_wconf 83' lang='lat' dir='ltr'><strong>rede-</strong></span> 
     </span>
     <span class='ocr_line' id='line_1_20' title="bbox 167 2120 1779 2208; baseline 0.006 -29"><span class='ocrx_word' id='word_1_213' title='bbox 167 2139 263 2198; x_wconf 89' lang='lat' dir='ltr'><strong>neque</strong></span> <span class='ocrx_word' id='word_1_214' title='bbox 277 2120 370 2178; x_wconf 90' lang='lat' dir='ltr'><strong>ullum</strong></span> <span class='ocrx_word' id='word_1_215' title='bbox 386 2120 444 2177; x_wconf 85' lang='lat' dir='ltr'><strong>iere</strong></span> <span class='ocrx_word' id='word_1_216' title='bbox 458 2132 660 2195; x_wconf 88' lang='lat' dir='ltr'><strong>argumentum</strong></span> <span class='ocrx_word' id='word_1_217' title='bbox 674 2138 776 2178; x_wconf 87' lang='lat' dir='ltr'><strong>eorum</strong></span> <span class='ocrx_word' id='word_1_218' title='bbox 790 2139 855 2198; x_wconf 79' lang='lat' dir='ltr'><strong>quae</strong></span> <span class='ocrx_word' id='word_1_219' title='bbox 869 2134 949 2179; x_wconf 91' lang='lat' dir='ltr'><strong>vete·</strong></span> <span class='ocrx_word' id='word_1_220' title='bbox 997 2134 1086 2198; x_wconf 85' lang='lat' dir='ltr'><strong>gerat.</strong></span> <span class='ocrx_word' id='word_1_221' title='bbox 1111 2123 1208 2197; x_wconf 82' lang='lat' dir='ltr'><strong>Quum</strong></span> <span class='ocrx_word' id='word_1_222' title='bbox 1231 2124 1311 2182; x_wconf 86' lang='lat' dir='ltr'><strong>enim</strong></span> <span class='ocrx_word' id='word_1_223' title='bbox 1339 2124 1546 2185; x_wconf 88' lang='lat' dir='ltr'><strong>Constantinus</strong></span> <span class='ocrx_word' id='word_1_224' title='bbox 1568 2147 1682 2187; x_wconf 91' lang='lat' dir='ltr'><strong>omnem</strong></span> <span class='ocrx_word' id='word_1_225' title='bbox 1709 2131 1779 2208; x_wconf 86' lang='lat' dir='ltr'><strong>epi-</strong></span> 
     </span>
     <span class='ocr_line' id='line_1_21' title="bbox 168 2207 1777 2291; baseline 0.006 -24"><span class='ocrx_word' id='word_1_226' title='bbox 168 2228 214 2267; x_wconf 85' lang='lat' dir='ltr'><strong>res</strong></span> <span class='ocrx_word' id='word_1_227' title='bbox 225 2207 360 2267; x_wconf 88' lang='lat' dir='ltr'><strong>versibus</strong></span> <span class='ocrx_word' id='word_1_228' title='bbox 373 2220 546 2279; x_wconf 84' lang='lat' dir='ltr'><strong>tractarunt,</strong></span> <span class='ocrx_word' id='word_1_229' title='bbox 559 2208 734 2266; x_wconf 90' lang='lat' dir='ltr'><strong>intentatum</strong></span> <span class='ocrx_word' id='word_1_230' title='bbox 748 2208 949 2285; x_wconf 88' lang='lat' dir='ltr'><strong>reliquissent,</strong></span> <span class='ocrx_word' id='word_1_231' title='bbox 997 2224 1188 2284; x_wconf 90' lang='lat' dir='ltr'><strong>grammatum</strong></span> <span class='ocrx_word' id='word_1_232' title='bbox 1199 2230 1353 2270; x_wconf 91' lang='lat' dir='ltr'><strong>nnmerum</strong></span> <span class='ocrx_word' id='word_1_233' title='bbox 1365 2213 1523 2272; x_wconf 88' lang='lat' dir='ltr'><strong>secundum</strong></span> <span class='ocrx_word' id='word_1_234' title='bbox 1539 2229 1777 2291; x_wconf 88' lang='lat' dir='ltr'><strong>argumentorum</strong></span> 
     </span>
     <span class='ocr_line' id='line_1_22' title="bbox 166 2295 1774 2379; baseline 0.005 -24"><span class='ocrx_word' id='word_1_235' title='bbox 166 2297 296 2375; x_wconf 86' lang='lat' dir='ltr'><strong>plurima</strong></span> <span class='ocrx_word' id='word_1_236' title='bbox 307 2295 570 2369; x_wconf 86' lang='lat' dir='ltr'><strong>concinnaverunt,</strong></span> <span class='ocrx_word' id='word_1_237' title='bbox 584 2315 649 2373; x_wconf 84' lang='lat' dir='ltr'><strong>quar</strong></span> <span class='ocrx_word' id='word_1_238' title='bbox 664 2296 762 2355; x_wconf 72' lang='lat' dir='ltr'><strong>saculi</strong></span> <span class='ocrx_word' id='word_1_239' title='bbox 779 2297 861 2369; x_wconf 86' lang='lat' dir='ltr'><strong>vitia,</strong></span> <span class='ocrx_word' id='word_1_240' title='bbox 873 2296 950 2373; x_wconf 92' lang='lat' dir='ltr'><strong>opti·</strong></span> <span class='ocrx_word' id='word_1_241' title='bbox 996 2297 1139 2355; x_wconf 87' lang='lat' dir='ltr'><strong>rationem</strong></span> <span class='ocrx_word' id='word_1_242' title='bbox 1162 2297 1193 2355; x_wconf 92' lang='lat' dir='ltr'><strong>in</strong></span> <span class='ocrx_word' id='word_1_243' title='bbox 1214 2300 1361 2373; x_wconf 88' lang='lat' dir='ltr'><strong>generalia</strong></span> <span class='ocrx_word' id='word_1_244' title='bbox 1374 2300 1505 2376; x_wconf 73' lang='lat' dir='ltr'><strong>quadam</strong></span> <span class='ocrx_word' id='word_1_245' title='bbox 1527 2303 1622 2379; x_wconf 90' lang='lat' dir='ltr'><strong>capita</strong></span> <span class='ocrx_word' id='word_1_246' title='bbox 1636 2303 1774 2379; x_wconf 89' lang='lat' dir='ltr'><strong>digessis-</strong></span> 
     </span>
     <span class='ocr_line' id='line_1_23' title="bbox 166 2382 1779 2462; baseline 0.004 -19"><span class='ocrx_word' id='word_1_247' title='bbox 166 2405 215 2445; x_wconf 91' lang='lat' dir='ltr'><strong>mo</strong></span> <span class='ocrx_word' id='word_1_248' title='bbox 235 2387 342 2462; x_wconf 92' lang='lat' dir='ltr'><strong>cuique</strong></span> <span class='ocrx_word' id='word_1_249' title='bbox 359 2384 548 2455; x_wconf 87' lang='lat' dir='ltr'><strong>inhaerentia,</strong></span> <span class='ocrx_word' id='word_1_250' title='bbox 565 2384 666 2443; x_wconf 89' lang='lat' dir='ltr'><strong>multis</strong></span> <span class='ocrx_word' id='word_1_251' title='bbox 688 2382 847 2444; x_wconf 91' lang='lat' dir='ltr'><strong>virtutibus</strong></span> <span class='ocrx_word' id='word_1_252' title='bbox 869 2405 949 2443; x_wconf 88' lang='lat' dir='ltr'><strong>com·</strong></span> <span class='ocrx_word' id='word_1_253' title='bbox 997 2397 1059 2457; x_wconf 86' lang='lat' dir='ltr'><strong>set,</strong></span> <span class='ocrx_word' id='word_1_254' title='bbox 1073 2385 1113 2444; x_wconf 90' lang='lat' dir='ltr'><strong>ita</strong></span> <span class='ocrx_word' id='word_1_255' title='bbox 1123 2397 1156 2442; x_wconf 90' lang='lat' dir='ltr'><strong>ut</strong></span> <span class='ocrx_word' id='word_1_256' title='bbox 1169 2388 1365 2458; x_wconf 81' lang='lat' dir='ltr'><strong>dedicatoria,</strong></span> <span class='ocrx_word' id='word_1_257' title='bbox 1379 2396 1521 2461; x_wconf 82' lang='lat' dir='ltr'><strong>satyrica,</strong></span> <span class='ocrx_word' id='word_1_258' title='bbox 1541 2399 1700 2461; x_wconf 72' lang='lat' dir='ltr'><strong>anactoria,</strong></span> <span class='ocrx_word' id='word_1_259' title='bbox 1716 2413 1779 2451; x_wconf 85' lang='lat' dir='ltr'><strong>corr-</strong></span> 
     </span>
     <span class='ocr_line' id='line_1_24' title="bbox 167 2471 1779 2552; baseline 0.004 -20"><span class='ocrx_word' id='word_1_260' title='bbox 167 2486 337 2552; x_wconf 86' lang='lat' dir='ltr'><strong>pensarum.</strong></span> <span class='ocrx_word' id='word_1_261' title='bbox 363 2476 444 2529; x_wconf 91' lang='lat' dir='ltr'><strong>Inter</strong></span> <span class='ocrx_word' id='word_1_262' title='bbox 472 2490 547 2548; x_wconf 90' lang='lat' dir='ltr'><strong>quos</strong></span> <span class='ocrx_word' id='word_1_263' title='bbox 575 2471 722 2546; x_wconf 91' lang='lat' dir='ltr'><strong>homines,</strong></span> <span class='ocrx_word' id='word_1_264' title='bbox 749 2491 809 2530; x_wconf 87' lang='lat' dir='ltr'><strong>non</strong></span> <span class='ocrx_word' id='word_1_265' title='bbox 836 2472 950 2548; x_wconf 85' lang='lat' dir='ltr'><strong>ingenii</strong></span> <span class='ocrx_word' id='word_1_266' title='bbox 999 2476 1103 2531; x_wconf 84' lang='lat' dir='ltr'><strong>vivolia</strong></span> <span class='ocrx_word' id='word_1_267' title='bbox 1138 2486 1292 2551; x_wconf 87' lang='lat' dir='ltr'><strong>ceteraque</strong></span> <span class='ocrx_word' id='word_1_268' title='bbox 1326 2475 1451 2551; x_wconf 86' lang='lat' dir='ltr'><strong>junctim</strong></span> <span class='ocrx_word' id='word_1_269' title='bbox 1483 2477 1664 2552; x_wconf 90' lang='lat' dir='ltr'><strong>legerentur,</strong></span> <span class='ocrx_word' id='word_1_270' title='bbox 1697 2481 1779 2540; x_wconf 91' lang='lat' dir='ltr'><strong>nullo</strong></span> 
     </span>
     <span class='ocr_line' id='line_1_25' title="bbox 166 2559 1780 2640; baseline 0.005 -19"><span class='ocrx_word' id='word_1_271' title='bbox 166 2576 277 2621; x_wconf 89' lang='lat' dir='ltr'><strong>tantum</strong></span> <span class='ocrx_word' id='word_1_272' title='bbox 292 2559 437 2637; x_wconf 85' lang='lat' dir='ltr'><strong>elegantia</strong></span> <span class='ocrx_word' id='word_1_273' title='bbox 458 2571 488 2617; x_wconf 92' lang='lat' dir='ltr'><strong>et</strong></span> <span class='ocrx_word' id='word_1_274' title='bbox 508 2560 690 2634; x_wconf 87' lang='lat' dir='ltr'><strong>eruditione,</strong></span> <span class='ocrx_word' id='word_1_275' title='bbox 715 2560 765 2619; x_wconf 89' lang='lat' dir='ltr'><strong>sed</strong></span> <span class='ocrx_word' id='word_1_276' title='bbox 783 2559 949 2621; x_wconf 89' lang='lat' dir='ltr'><strong>honoribus</strong></span> <span class='ocrx_word' id='word_1_277' title='bbox 996 2575 1136 2640; x_wconf 85' lang='lat' dir='ltr'><strong>praeterea</strong></span> <span class='ocrx_word' id='word_1_278' title='bbox 1148 2560 1209 2621; x_wconf 90' lang='lat' dir='ltr'><strong>alio</strong></span> <span class='ocrx_word' id='word_1_279' title='bbox 1222 2560 1392 2621; x_wconf 89' lang='lat' dir='ltr'><strong>discrimine</strong></span> <span class='ocrx_word' id='word_1_280' title='bbox 1407 2563 1571 2631; x_wconf 76' lang='lat' dir='ltr'><strong>3Maximus</strong></span> <span class='ocrx_word' id='word_1_281' title='bbox 1589 2565 1734 2628; x_wconf 89' lang='lat' dir='ltr'><strong>Planudes</strong></span> <span class='ocrx_word' id='word_1_282' title='bbox 1751 2584 1780 2628; x_wconf 92' lang='lat' dir='ltr'><strong>et</strong></span> 
     </span>
     <span class='ocr_line' id='line_1_26' title="bbox 167 2647 1778 2730; baseline 0.006 -22"><span class='ocrx_word' id='word_1_283' title='bbox 167 2668 284 2727; x_wconf 90' lang='lat' dir='ltr'><strong>quoque</strong></span> <span class='ocrx_word' id='word_1_284' title='bbox 305 2660 334 2706; x_wconf 90' lang='lat' dir='ltr'><strong>et</strong></span> <span class='ocrx_word' id='word_1_285' title='bbox 358 2647 426 2705; x_wconf 81' lang='lat' dir='ltr'><strong>vitae</strong></span> <span class='ocrx_word' id='word_1_286' title='bbox 451 2647 608 2725; x_wconf 86' lang='lat' dir='ltr'><strong>splendore</strong></span> <span class='ocrx_word' id='word_1_287' title='bbox 629 2648 779 2724; x_wconf 89' lang='lat' dir='ltr'><strong>insignes,</strong></span> <span class='ocrx_word' id='word_1_288' title='bbox 803 2649 950 2707; x_wconf 77' lang='lat' dir='ltr'><strong>Aolrmns</strong></span> <span class='ocrx_word' id='word_1_289' title='bbox 997 2649 1141 2710; x_wconf 89' lang='lat' dir='ltr'><strong>librorum</strong></span> <span class='ocrx_word' id='word_1_290' title='bbox 1156 2650 1290 2710; x_wconf 91' lang='lat' dir='ltr'><strong>ordinem</strong></span> <span class='ocrx_word' id='word_1_291' title='bbox 1305 2653 1472 2710; x_wconf 91' lang='lat' dir='ltr'><strong>immutavit</strong></span> <span class='ocrx_word' id='word_1_292' title='bbox 1486 2666 1516 2711; x_wconf 92' lang='lat' dir='ltr'><strong>et</strong></span> <span class='ocrx_word' id='word_1_293' title='bbox 1530 2655 1663 2730; x_wconf 88' lang='lat' dir='ltr'><strong>singulos</strong></span> <span class='ocrx_word' id='word_1_294' title='bbox 1684 2656 1778 2717; x_wconf 91' lang='lat' dir='ltr'><strong>libros</strong></span> 
     </span>
     <span class='ocr_line' id='line_1_27' title="bbox 166 2731 1778 2822; baseline 0.006 -29"><span class='ocrx_word' id='word_1_295' title='bbox 166 2736 341 2814; x_wconf 81' lang='lat' dir='ltr'><strong>llyrinaeus,</strong></span> <span class='ocrx_word' id='word_1_296' title='bbox 362 2731 401 2792; x_wconf 89' lang='lat' dir='ltr'><strong>nh</strong></span> <span class='ocrx_word' id='word_1_297' title='bbox 412 2732 490 2810; x_wconf 86' lang='lat' dir='ltr'><strong>juris</strong></span> <span class='ocrx_word' id='word_1_298' title='bbox 510 2733 609 2793; x_wconf 87' lang='lat' dir='ltr'><strong>civilis</strong></span> <span class='ocrx_word' id='word_1_299' title='bbox 633 2734 845 2812; x_wconf 87' lang='lat' dir='ltr'><strong>professionem</strong></span> <span class='ocrx_word' id='word_1_300' title='bbox 859 2736 947 2792; x_wconf 78' lang='lat' dir='ltr'><strong>Solio-</strong></span> <span class='ocrx_word' id='word_1_301' title='bbox 997 2740 1027 2797; x_wconf 89' lang='lat' dir='ltr'><strong>in</strong></span> <span class='ocrx_word' id='word_1_302' title='bbox 1051 2740 1180 2819; x_wconf 82' lang='lat' dir='ltr'><strong>plurima</strong></span> <span class='ocrx_word' id='word_1_303' title='bbox 1199 2739 1295 2819; x_wconf 90' lang='lat' dir='ltr'><strong>capita</strong></span> <span class='ocrx_word' id='word_1_304' title='bbox 1315 2739 1487 2819; x_wconf 87' lang='lat' dir='ltr'><strong>discerpsit,</strong></span> <span class='ocrx_word' id='word_1_305' title='bbox 1505 2755 1627 2820; x_wconf 87' lang='lat' dir='ltr'><strong>excepto</strong></span> <span class='ocrx_word' id='word_1_306' title='bbox 1653 2745 1778 2822; x_wconf 90' lang='lat' dir='ltr'><strong>septimo</strong></span> 
     </span>
     <span class='ocr_line' id='line_1_28' title="bbox 167 2821 1780 2912; baseline 0.008 -33"><span class='ocrx_word' id='word_1_307' title='bbox 167 2827 281 2880; x_wconf 85' lang='lat' dir='ltr'><strong>lasticrs</strong></span> <span class='ocrx_word' id='word_1_308' title='bbox 295 2822 453 2893; x_wconf 88' lang='lat' dir='ltr'><strong>dictus,ne</strong></span> <span class='ocrx_word' id='word_1_309' title='bbox 466 2821 530 2880; x_wconf 87' lang='lat' dir='ltr'><strong>laeta</strong></span> <span class='ocrx_word' id='word_1_310' title='bbox 544 2822 667 2881; x_wconf 87' lang='lat' dir='ltr'><strong>illatum</strong></span> <span class='ocrx_word' id='word_1_311' title='bbox 680 2822 726 2881; x_wconf 88' lang='lat' dir='ltr'><strong>sui</strong></span> <span class='ocrx_word' id='word_1_312' title='bbox 741 2836 801 2881; x_wconf 94' lang='lat' dir='ltr'><strong>tum</strong></span> <span class='ocrx_word' id='word_1_313' title='bbox 816 2824 950 2900; x_wconf 88' lang='lat' dir='ltr'><strong>proxime</strong></span> <span class='ocrx_word' id='word_1_314' title='bbox 995 2827 1047 2905; x_wconf 91' lang='lat' dir='ltr'><strong>qui</strong></span> <span class='ocrx_word' id='word_1_315' title='bbox 1074 2837 1214 2887; x_wconf 88' lang='lat' dir='ltr'><strong>amatorio</strong></span> <span class='ocrx_word' id='word_1_316' title='bbox 1241 2830 1439 2908; x_wconf 84' lang='lat' dir='ltr'><strong>complectens</strong></span> <span class='ocrx_word' id='word_1_317' title='bbox 1462 2829 1699 2891; x_wconf 88' lang='lat' dir='ltr'><strong>distributionem</strong></span> <span class='ocrx_word' id='word_1_318' title='bbox 1727 2853 1780 2912; x_wconf 91' lang='lat' dir='ltr'><strong>per</strong></span> 
     </span>
     <span class='ocr_line' id='line_1_29' title="bbox 166 2910 1777 2990; baseline 0.006 -20"><span class='ocrx_word' id='word_1_319' title='bbox 166 2910 362 2970; x_wconf 85' lang='lat' dir='ltr'><strong>antecedentis</strong></span> <span class='ocrx_word' id='word_1_320' title='bbox 383 2910 482 2968; x_wconf 62' lang='lat' dir='ltr'><strong>monii</strong></span> <span class='ocrx_word' id='word_1_321' title='bbox 500 2911 602 2970; x_wconf 90' lang='lat' dir='ltr'><strong>messis</strong></span> <span class='ocrx_word' id='word_1_322' title='bbox 620 2910 769 2983; x_wconf 88' lang='lat' dir='ltr'><strong>interiret,</strong></span> <span class='ocrx_word' id='word_1_323' title='bbox 786 2931 850 2970; x_wconf 91' lang='lat' dir='ltr'><strong>eam</strong></span> <span class='ocrx_word' id='word_1_324' title='bbox 865 2914 949 2990; x_wconf 88' lang='lat' dir='ltr'><strong>quasi</strong></span> <span class='ocrx_word' id='word_1_325' title='bbox 996 2916 1077 2977; x_wconf 88' lang='lat' dir='ltr'><strong>locos</strong></span> <span class='ocrx_word' id='word_1_326' title='bbox 1092 2937 1261 2977; x_wconf 89' lang='lat' dir='ltr'><strong>communes</strong></span> <span class='ocrx_word' id='word_1_327' title='bbox 1280 2918 1377 2977; x_wconf 89' lang='lat' dir='ltr'><strong>minus</strong></span> <span class='ocrx_word' id='word_1_328' title='bbox 1406 2916 1527 2977; x_wconf 82' lang='lat' dir='ltr'><strong>t&#39;erebat.</strong></span> <span class='ocrx_word' id='word_1_329' title='bbox 1552 2918 1688 2978; x_wconf 87' lang='lat' dir='ltr'><strong>Ceterum</strong></span> <span class='ocrx_word' id='word_1_330' title='bbox 1709 2920 1777 2979; x_wconf 88' lang='lat' dir='ltr'><strong>Pla-</strong></span> 
     </span>
     <span class='ocr_line' id='line_1_30' title="bbox 166 2997 1778 3088; baseline 0.006 -31"><span class='ocrx_word' id='word_1_331' title='bbox 166 2999 197 3057; x_wconf 90' lang='lat' dir='ltr'><strong>in</strong></span> <span class='ocrx_word' id='word_1_332' title='bbox 212 2999 348 3057; x_wconf 88' lang='lat' dir='ltr'><strong>horreum</strong></span> <span class='ocrx_word' id='word_1_333' title='bbox 370 2997 494 3073; x_wconf 77' lang='lat' dir='ltr'><strong>inferre,</strong></span> <span class='ocrx_word' id='word_1_334' title='bbox 508 3001 540 3059; x_wconf 91' lang='lat' dir='ltr'><strong>id</strong></span> <span class='ocrx_word' id='word_1_335' title='bbox 553 3013 614 3075; x_wconf 90' lang='lat' dir='ltr'><strong>est,</strong></span> <span class='ocrx_word' id='word_1_336' title='bbox 627 3001 663 3060; x_wconf 89' lang='lat' dir='ltr'><strong>ad</strong></span> <span class='ocrx_word' id='word_1_337' title='bbox 682 3000 821 3078; x_wconf 83' lang='lat' dir='ltr'><strong>Meleagri</strong></span> <span class='ocrx_word' id='word_1_338' title='bbox 837 3001 951 3082; x_wconf 87' lang='lat' dir='ltr'><strong>Philip-</strong></span> <span class='ocrx_word' id='word_1_339' title='bbox 997 3004 1088 3065; x_wconf 89' lang='lat' dir='ltr'><strong>nudes</strong></span> <span class='ocrx_word' id='word_1_340' title='bbox 1110 3007 1142 3063; x_wconf 92' lang='lat' dir='ltr'><strong>in</strong></span> <span class='ocrx_word' id='word_1_341' title='bbox 1166 3006 1224 3065; x_wconf 92' lang='lat' dir='ltr'><strong>hoc</strong></span> <span class='ocrx_word' id='word_1_342' title='bbox 1245 3025 1334 3084; x_wconf 89' lang='lat' dir='ltr'><strong>opere</strong></span> <span class='ocrx_word' id='word_1_343' title='bbox 1356 3005 1436 3084; x_wconf 91' lang='lat' dir='ltr'><strong>quod</strong></span> <span class='ocrx_word' id='word_1_344' title='bbox 1461 3003 1626 3085; x_wconf 76' lang='grc' dir='ltr'>Ἄνθολογίιιν</span> <span class='ocrx_word' id='word_1_345' title='bbox 1648 3007 1778 3088; x_wconf 76' lang='grc' dir='ltr'><strong>διαφόρων</strong></span> 
     </span>
     <span class='ocr_line' id='line_1_31' title="bbox 167 3087 1780 3173; baseline 0.007 -28"><span class='ocrx_word' id='word_1_346' title='bbox 167 3088 257 3166; x_wconf 90' lang='lat' dir='ltr'><strong>pique</strong></span> <span class='ocrx_word' id='word_1_347' title='bbox 280 3087 423 3146; x_wconf 85' lang='lat' dir='ltr'><strong>rationem</strong></span> <span class='ocrx_word' id='word_1_348' title='bbox 442 3090 639 3149; x_wconf 89' lang='lat' dir='ltr'><strong>recentiorum</strong></span> <span class='ocrx_word' id='word_1_349' title='bbox 662 3102 814 3168; x_wconf 90' lang='lat' dir='ltr'><strong>poetarum</strong></span> <span class='ocrx_word' id='word_1_350' title='bbox 836 3089 947 3149; x_wconf 86' lang='lat' dir='ltr'><strong>florile·</strong></span> <span class='ocrx_word' id='word_1_351' title='bbox 995 3093 1206 3171; x_wconf 76' lang='grc' dir='ltr'><strong>ἐπιγραμμάτων</strong></span> <span class='ocrx_word' id='word_1_352' title='bbox 1224 3093 1393 3173; x_wconf 90' lang='lat' dir='ltr'><strong>inscripsit,</strong></span> <span class='ocrx_word' id='word_1_353' title='bbox 1410 3094 1484 3153; x_wconf 91' lang='lat' dir='ltr'><strong>nihil</strong></span> <span class='ocrx_word' id='word_1_354' title='bbox 1503 3094 1584 3153; x_wconf 89' lang='lat' dir='ltr'><strong>aliud</strong></span> <span class='ocrx_word' id='word_1_355' title='bbox 1599 3098 1658 3171; x_wconf 86' lang='lat' dir='ltr'><strong>egit</strong></span> <span class='ocrx_word' id='word_1_356' title='bbox 1669 3096 1726 3155; x_wconf 90' lang='lat' dir='ltr'><strong>nisi</strong></span> <span class='ocrx_word' id='word_1_357' title='bbox 1747 3110 1780 3156; x_wconf 91' lang='lat' dir='ltr'><strong>ut</strong></span> 
     </span>
     <span class='ocr_line' id='line_1_32' title="bbox 166 3176 1776 3262; baseline 0.006 -28"><span class='ocrx_word' id='word_1_358' title='bbox 166 3177 246 3252; x_wconf 65' lang='grc' dir='ltr'>ςίιιιιι</span> <span class='ocrx_word' id='word_1_359' title='bbox 260 3176 385 3234; x_wconf 89' lang='lat' dir='ltr'><strong>condere</strong></span> <span class='ocrx_word' id='word_1_360' title='bbox 395 3177 534 3249; x_wconf 90' lang='lat' dir='ltr'><strong>instituit,</strong></span> <span class='ocrx_word' id='word_1_361' title='bbox 545 3178 585 3236; x_wconf 90' lang='lat' dir='ltr'><strong>ita</strong></span> <span class='ocrx_word' id='word_1_362' title='bbox 597 3191 704 3250; x_wconf 87' lang='lat' dir='ltr'><strong>tamen,</strong></span> <span class='ocrx_word' id='word_1_363' title='bbox 718 3191 750 3236; x_wconf 92' lang='lat' dir='ltr'><strong>ut</strong></span> <span class='ocrx_word' id='word_1_364' title='bbox 759 3195 874 3237; x_wconf 87' lang='lat' dir='ltr'><strong>omnem</strong></span> <span class='ocrx_word' id='word_1_365' title='bbox 888 3199 948 3238; x_wconf 91' lang='lat' dir='ltr'><strong>ma·</strong></span> <span class='ocrx_word' id='word_1_366' title='bbox 995 3181 1180 3243; x_wconf 91' lang='lat' dir='ltr'><strong>Constantini</strong></span> <span class='ocrx_word' id='word_1_367' title='bbox 1193 3196 1346 3262; x_wconf 84' lang='lat' dir='ltr'><strong>syntagma</strong></span> <span class='ocrx_word' id='word_1_368' title='bbox 1357 3184 1389 3242; x_wconf 90' lang='lat' dir='ltr'><strong>in</strong></span> <span class='ocrx_word' id='word_1_369' title='bbox 1400 3182 1607 3261; x_wconf 89' lang='lat' dir='ltr'><strong>compendium</strong></span> <span class='ocrx_word' id='word_1_370' title='bbox 1622 3184 1776 3261; x_wconf 87' lang='lat' dir='ltr'><strong>redigeret.</strong></span> 
     </span>
     <span class='ocr_line' id='line_1_33' title="bbox 166 3264 1778 3347; baseline 0.004 -25"><span class='ocrx_word' id='word_1_371' title='bbox 166 3264 269 3323; x_wconf 89' lang='lat' dir='ltr'><strong>teriam</strong></span> <span class='ocrx_word' id='word_1_372' title='bbox 300 3265 459 3323; x_wconf 90' lang='lat' dir='ltr'><strong>secundum</strong></span> <span class='ocrx_word' id='word_1_373' title='bbox 487 3280 724 3341; x_wconf 89' lang='lat' dir='ltr'><strong>argumentorum</strong></span> <span class='ocrx_word' id='word_1_374' title='bbox 752 3266 949 3325; x_wconf 86' lang='lat' dir='ltr'><strong>diversitatem</strong></span> <span class='ocrx_word' id='word_1_375' title='bbox 997 3267 1039 3326; x_wconf 84' lang='lat' dir='ltr'><strong>Ex</strong></span> <span class='ocrx_word' id='word_1_376' title='bbox 1053 3270 1111 3329; x_wconf 89' lang='lat' dir='ltr'><strong>alio</strong></span> <span class='ocrx_word' id='word_1_377' title='bbox 1129 3272 1206 3330; x_wconf 91' lang='lat' dir='ltr'><strong>euim</strong></span> <span class='ocrx_word' id='word_1_378' title='bbox 1226 3271 1305 3329; x_wconf 85' lang='lat' dir='ltr'><strong>sonte</strong></span> <span class='ocrx_word' id='word_1_379' title='bbox 1323 3290 1383 3330; x_wconf 93' lang='lat' dir='ltr'><strong>non</strong></span> <span class='ocrx_word' id='word_1_380' title='bbox 1405 3269 1517 3342; x_wconf 89' lang='lat' dir='ltr'><strong>hausit,</strong></span> <span class='ocrx_word' id='word_1_381' title='bbox 1534 3269 1592 3328; x_wconf 90' lang='lat' dir='ltr'><strong>nisi</strong></span> <span class='ocrx_word' id='word_1_382' title='bbox 1606 3269 1685 3347; x_wconf 92' lang='lat' dir='ltr'><strong>quod</strong></span> <span class='ocrx_word' id='word_1_383' title='bbox 1700 3269 1778 3329; x_wconf 91' lang='lat' dir='ltr'><strong>libro</strong></span> 
     </span>
     <span class='ocr_line' id='line_1_34' title="bbox 165 3349 1776 3436; baseline 0.003 -25"><span class='ocrx_word' id='word_1_384' title='bbox 165 3353 197 3411; x_wconf 92' lang='lat' dir='ltr'><strong>in</strong></span> <span class='ocrx_word' id='word_1_385' title='bbox 220 3354 321 3430; x_wconf 87' lang='lat' dir='ltr'><strong>plures</strong></span> <span class='ocrx_word' id='word_1_386' title='bbox 339 3349 434 3409; x_wconf 91' lang='lat' dir='ltr'><strong>libros</strong></span> <span class='ocrx_word' id='word_1_387' title='bbox 457 3351 612 3428; x_wconf 87' lang='lat' dir='ltr'><strong>digereret.</strong></span> <span class='ocrx_word' id='word_1_388' title='bbox 637 3354 730 3423; x_wconf 85' lang='lat' dir='ltr'><strong>Quam</strong></span> <span class='ocrx_word' id='word_1_389' title='bbox 750 3354 948 3413; x_wconf 90' lang='lat' dir='ltr'><strong>collectionem</strong></span> <span class='ocrx_word' id='word_1_390' title='bbox 995 3370 1101 3432; x_wconf 84' lang='lat' dir='ltr'><strong>quarto</strong></span> <span class='ocrx_word' id='word_1_391' title='bbox 1116 3359 1259 3436; x_wconf 92' lang='lat' dir='ltr'><strong>plurimas</strong></span> <span class='ocrx_word' id='word_1_392' title='bbox 1272 3357 1359 3417; x_wconf 91' lang='lat' dir='ltr'><strong>habet</strong></span> <span class='ocrx_word' id='word_1_393' title='bbox 1370 3358 1402 3416; x_wconf 92' lang='lat' dir='ltr'><strong>in</strong></span> <span class='ocrx_word' id='word_1_394' title='bbox 1414 3370 1534 3428; x_wconf 86' lang='lat' dir='ltr'><strong>statuas,</strong></span> <span class='ocrx_word' id='word_1_395' title='bbox 1547 3354 1661 3414; x_wconf 90' lang='lat' dir='ltr'><strong>tabulas</strong></span> <span class='ocrx_word' id='word_1_396' title='bbox 1672 3356 1776 3433; x_wconf 85' lang='lat' dir='ltr'><strong>pictas,</strong></span> 
     </span>
     <span class='ocr_line' id='line_1_35' title="bbox 166 3435 1777 3521; baseline 0.001 -22"><span class='ocrx_word' id='word_1_397' title='bbox 166 3438 275 3500; x_wconf 82' lang='grc' dir='ltr'>Κύκλου</span> <span class='ocrx_word' id='word_1_398' title='bbox 306 3435 425 3494; x_wconf 89' lang='lat' dir='ltr'><strong>nomine</strong></span> <span class='ocrx_word' id='word_1_399' title='bbox 448 3437 616 3515; x_wconf 89' lang='lat' dir='ltr'><strong>inscripsit,</strong></span> <span class='ocrx_word' id='word_1_400' title='bbox 643 3439 733 3512; x_wconf 89' lang='lat' dir='ltr'><strong>hanc,</strong></span> <span class='ocrx_word' id='word_1_401' title='bbox 761 3453 792 3498; x_wconf 93' lang='lat' dir='ltr'><strong>ut</strong></span> <span class='ocrx_word' id='word_1_402' title='bbox 815 3440 944 3514; x_wconf 89' lang='lat' dir='ltr'><strong>videtur,</strong></span> <span class='ocrx_word' id='word_1_403' title='bbox 995 3441 1111 3518; x_wconf 88' lang='lat' dir='ltr'><strong>aliaque</strong></span> <span class='ocrx_word' id='word_1_404' title='bbox 1140 3444 1211 3502; x_wconf 90' lang='lat' dir='ltr'><strong>artis</strong></span> <span class='ocrx_word' id='word_1_405' title='bbox 1236 3462 1345 3520; x_wconf 91' lang='lat' dir='ltr'><strong>opera,</strong></span> <span class='ocrx_word' id='word_1_406' title='bbox 1368 3463 1495 3521; x_wconf 89' lang='lat' dir='ltr'><strong>quorum</strong></span> <span class='ocrx_word' id='word_1_407' title='bbox 1526 3447 1558 3500; x_wconf 92' lang='lat' dir='ltr'><strong>in</strong></span> <span class='ocrx_word' id='word_1_408' title='bbox 1594 3442 1777 3501; x_wconf 86' lang='lat' dir='ltr'><strong>Constantini</strong></span> 
     </span>
     <span class='ocr_line' id='line_1_36' title="bbox 165 3525 1779 3607; baseline 0.001 -21"><span class='ocrx_word' id='word_1_409' title='bbox 165 3527 205 3586; x_wconf 91' lang='lat' dir='ltr'><strong>oh</strong></span> <span class='ocrx_word' id='word_1_410' title='bbox 228 3544 360 3604; x_wconf 87' lang='lat' dir='ltr'><strong>causam,</strong></span> <span class='ocrx_word' id='word_1_411' title='bbox 376 3525 455 3602; x_wconf 90' lang='lat' dir='ltr'><strong>quod</strong></span> <span class='ocrx_word' id='word_1_412' title='bbox 470 3538 620 3604; x_wconf 87' lang='lat' dir='ltr'><strong>poetarum</strong></span> <span class='ocrx_word' id='word_1_413' title='bbox 642 3526 680 3584; x_wconf 89' lang='lat' dir='ltr'><strong>ab</strong></span> <span class='ocrx_word' id='word_1_414' title='bbox 697 3528 762 3604; x_wconf 90' lang='lat' dir='ltr'><strong>ipso</strong></span> <span class='ocrx_word' id='word_1_415' title='bbox 777 3529 947 3606; x_wconf 88' lang='lat' dir='ltr'><strong>compilato·</strong></span> <span class='ocrx_word' id='word_1_416' title='bbox 997 3548 1105 3606; x_wconf 87' lang='lat' dir='ltr'><strong>opere,</strong></span> <span class='ocrx_word' id='word_1_417' title='bbox 1121 3529 1207 3607; x_wconf 85' lang='lat' dir='ltr'><strong>quale</strong></span> <span class='ocrx_word' id='word_1_418' title='bbox 1225 3529 1281 3587; x_wconf 89' lang='lat' dir='ltr'><strong>hoc</strong></span> <span class='ocrx_word' id='word_1_419' title='bbox 1300 3531 1333 3588; x_wconf 92' lang='lat' dir='ltr'><strong>in</strong></span> <span class='ocrx_word' id='word_1_420' title='bbox 1350 3530 1492 3589; x_wconf 86' lang='lat' dir='ltr'><strong>Palatinis</strong></span> <span class='ocrx_word' id='word_1_421' title='bbox 1513 3527 1695 3586; x_wconf 90' lang='lat' dir='ltr'><strong>membranis</strong></span> <span class='ocrx_word' id='word_1_422' title='bbox 1717 3547 1779 3587; x_wconf 90' lang='lat' dir='ltr'><strong>ser-</strong></span> 
     </span>
     <span class='ocr_line' id='line_1_37' title="bbox 166 3613 1779 3694; baseline 0 -19"><span class='ocrx_word' id='word_1_423' title='bbox 166 3636 231 3675; x_wconf 89' lang='lat' dir='ltr'><strong>rum</strong></span> <span class='ocrx_word' id='word_1_424' title='bbox 259 3615 381 3674; x_wconf 86' lang='lat' dir='ltr'><strong>nomina</strong></span> <span class='ocrx_word' id='word_1_425' title='bbox 401 3613 442 3673; x_wconf 92' lang='lat' dir='ltr'><strong>ita</strong></span> <span class='ocrx_word' id='word_1_426' title='bbox 464 3615 679 3692; x_wconf 87' lang='lat' dir='ltr'><strong>implicarerat,</strong></span> <span class='ocrx_word' id='word_1_427' title='bbox 707 3628 738 3672; x_wconf 92' lang='lat' dir='ltr'><strong>ut</strong></span> <span class='ocrx_word' id='word_1_428' title='bbox 758 3634 789 3674; x_wconf 91' lang='lat' dir='ltr'><strong>se</strong></span> <span class='ocrx_word' id='word_1_429' title='bbox 813 3628 948 3694; x_wconf 88' lang='lat' dir='ltr'><strong>tanquam</strong></span> <span class='ocrx_word' id='word_1_430' title='bbox 996 3629 1096 3675; x_wconf 89' lang='lat' dir='ltr'><strong>vatum</strong></span> <span class='ocrx_word' id='word_1_431' title='bbox 1113 3615 1272 3689; x_wconf 88' lang='lat' dir='ltr'><strong>habemus,</strong></span> <span class='ocrx_word' id='word_1_432' title='bbox 1294 3617 1408 3676; x_wconf 89' lang='lat' dir='ltr'><strong>nullum</strong></span> <span class='ocrx_word' id='word_1_433' title='bbox 1426 3629 1471 3676; x_wconf 84' lang='lat' dir='ltr'><strong>est</strong></span> <span class='ocrx_word' id='word_1_434' title='bbox 1493 3616 1677 3692; x_wconf 89' lang='lat' dir='ltr'><strong>vestigium:</strong></span> <span class='ocrx_word' id='word_1_435' title='bbox 1702 3616 1779 3675; x_wconf 87' lang='lat' dir='ltr'><strong>unde</strong></span> 
     </span>
     <span class='ocr_line' id='line_1_38' title="bbox 164 3702 1779 3785; baseline 0.001 -21"><span class='ocrx_word' id='word_1_436' title='bbox 164 3708 196 3765; x_wconf 92' lang='lat' dir='ltr'><strong>in</strong></span> <span class='ocrx_word' id='word_1_437' title='bbox 208 3707 321 3783; x_wconf 79' lang='grc' dir='ltr'><strong>κυκλικῇ</strong></span> <span class='ocrx_word' id='word_1_438' title='bbox 334 3704 428 3785; x_wconf 73' lang='grc' dir='ltr'>χορείᾳ</span> <span class='ocrx_word' id='word_1_439' title='bbox 441 3704 543 3762; x_wconf 88' lang='lat' dir='ltr'><strong>eodem</strong></span> <span class='ocrx_word' id='word_1_440' title='bbox 567 3722 682 3782; x_wconf 89' lang='lat' dir='ltr'><strong>semper</strong></span> <span class='ocrx_word' id='word_1_441' title='bbox 704 3702 810 3762; x_wconf 86' lang='lat' dir='ltr'><strong>ordine</strong></span> <span class='ocrx_word' id='word_1_442' title='bbox 824 3704 948 3782; x_wconf 89' lang='lat' dir='ltr'><strong>excipe·</strong></span> <span class='ocrx_word' id='word_1_443' title='bbox 995 3706 1178 3784; x_wconf 89' lang='lat' dir='ltr'><strong>suspicamur</strong></span> <span class='ocrx_word' id='word_1_444' title='bbox 1187 3704 1347 3763; x_wconf 87' lang='lat' dir='ltr'><strong>Planudem</strong></span> <span class='ocrx_word' id='word_1_445' title='bbox 1357 3704 1439 3763; x_wconf 87' lang='lat' dir='ltr'><strong>illius</strong></span> <span class='ocrx_word' id='word_1_446' title='bbox 1449 3704 1632 3781; x_wconf 75' lang='lat' dir='ltr'><strong>Anthologiae</strong></span> <span class='ocrx_word' id='word_1_447' title='bbox 1640 3702 1779 3765; x_wconf 87' lang='lat' dir='ltr'><strong>habuisse</strong></span> 
     </span>
     <span class='ocr_line' id='line_1_39' title="bbox 165 3791 1780 3872; baseline 0 -20"><span class='ocrx_word' id='word_1_448' title='bbox 165 3806 240 3854; x_wconf 90' lang='lat' dir='ltr'><strong>rent.</strong></span> <span class='ocrx_word' id='word_1_449' title='bbox 256 3793 317 3852; x_wconf 91' lang='lat' dir='ltr'><strong>lloc</strong></span> <span class='ocrx_word' id='word_1_450' title='bbox 334 3793 507 3866; x_wconf 86' lang='lat' dir='ltr'><strong>consilium,</strong></span> <span class='ocrx_word' id='word_1_451' title='bbox 524 3791 712 3869; x_wconf 88' lang='lat' dir='ltr'><strong>capitumque</strong></span> <span class='ocrx_word' id='word_1_452' title='bbox 724 3792 755 3850; x_wconf 91' lang='lat' dir='ltr'><strong>in</strong></span> <span class='ocrx_word' id='word_1_453' title='bbox 773 3812 837 3869; x_wconf 88' lang='lat' dir='ltr'><strong>qnae</strong></span> <span class='ocrx_word' id='word_1_454' title='bbox 855 3806 947 3852; x_wconf 88' lang='lat' dir='ltr'><strong>totum</strong></span> <span class='ocrx_word' id='word_1_455' title='bbox 993 3793 1158 3870; x_wconf 89' lang='lat' dir='ltr'><strong>exemplum</strong></span> <span class='ocrx_word' id='word_1_456' title='bbox 1173 3813 1233 3852; x_wconf 92' lang='lat' dir='ltr'><strong>uno</strong></span> <span class='ocrx_word' id='word_1_457' title='bbox 1254 3794 1311 3852; x_wconf 92' lang='lat' dir='ltr'><strong>hoc</strong></span> <span class='ocrx_word' id='word_1_458' title='bbox 1325 3793 1361 3851; x_wconf 91' lang='lat' dir='ltr'><strong>de</strong></span> <span class='ocrx_word' id='word_1_459' title='bbox 1375 3794 1446 3852; x_wconf 86' lang='lat' dir='ltr'><strong>artis</strong></span> <span class='ocrx_word' id='word_1_460' title='bbox 1460 3791 1600 3871; x_wconf 90' lang='lat' dir='ltr'><strong>operibus</strong></span> <span class='ocrx_word' id='word_1_461' title='bbox 1615 3792 1711 3872; x_wconf 90' lang='lat' dir='ltr'><strong>capite</strong></span> <span class='ocrx_word' id='word_1_462' title='bbox 1731 3813 1780 3852; x_wconf 91' lang='lat' dir='ltr'><strong>au·</strong></span> 
     </span>
     <span class='ocr_line' id='line_1_40' title="bbox 165 3879 1777 3961; baseline 0.002 -22"><span class='ocrx_word' id='word_1_463' title='bbox 165 3901 240 3961; x_wconf 91' lang='lat' dir='ltr'><strong>opus</strong></span> <span class='ocrx_word' id='word_1_464' title='bbox 259 3880 437 3959; x_wconf 87' lang='lat' dir='ltr'><strong>descriptum</strong></span> <span class='ocrx_word' id='word_1_465' title='bbox 453 3893 514 3952; x_wconf 90' lang='lat' dir='ltr'><strong>est,</strong></span> <span class='ocrx_word' id='word_1_466' title='bbox 530 3880 661 3939; x_wconf 89' lang='lat' dir='ltr'><strong>etunius</strong></span> <span class='ocrx_word' id='word_1_467' title='bbox 683 3879 826 3958; x_wconf 86' lang='lat' dir='ltr'><strong>cujusque</strong></span> <span class='ocrx_word' id='word_1_468' title='bbox 847 3883 948 3961; x_wconf 90' lang='lat' dir='ltr'><strong>capitis</strong></span> <span class='ocrx_word' id='word_1_469' title='bbox 994 3883 1069 3941; x_wconf 91' lang='lat' dir='ltr'><strong>ctius</strong></span> <span class='ocrx_word' id='word_1_470' title='bbox 1084 3883 1132 3961; x_wconf 73' lang='lat'><strong>(⁴).</strong></span> <span class='ocrx_word' id='word_1_471' title='bbox 1152 3880 1286 3941; x_wconf 89' lang='lat' dir='ltr'><strong>Ceterum</strong></span> <span class='ocrx_word' id='word_1_472' title='bbox 1306 3900 1443 3957; x_wconf 90' lang='lat' dir='ltr'><strong>magnum</strong></span> <span class='ocrx_word' id='word_1_473' title='bbox 1463 3882 1704 3960; x_wconf 89' lang='lat' dir='ltr'><strong>epigrammatum</strong></span> <span class='ocrx_word' id='word_1_474' title='bbox 1724 3902 1777 3942; x_wconf 89' lang='lat' dir='ltr'><strong>nu·</strong></span> 
     </span>
     <span class='ocr_line' id='line_1_41' title="bbox 164 3969 1777 4047; baseline -0.001 -18"><span class='ocrx_word' id='word_1_475' title='bbox 164 3978 367 4046; x_wconf 80' lang='lat' dir='ltr'><strong>argumentum</strong></span> <span class='ocrx_word' id='word_1_476' title='bbox 406 3969 544 4044; x_wconf 76' lang='lat' dir='ltr'><strong>Agatlrias</strong></span> <span class='ocrx_word' id='word_1_477' title='bbox 571 3969 706 4046; x_wconf 84' lang='lat' dir='ltr'><strong>exposuit</strong></span> <span class='ocrx_word' id='word_1_478' title='bbox 736 3969 766 4026; x_wconf 93' lang='lat' dir='ltr'><strong>in</strong></span> <span class='ocrx_word' id='word_1_479' title='bbox 802 3971 947 4047; x_wconf 90' lang='lat' dir='ltr'><strong>prooemio</strong></span> <span class='ocrx_word' id='word_1_480' title='bbox 996 3991 1109 4029; x_wconf 81' lang='lat' dir='ltr'><strong>ruerunt</strong></span> <span class='ocrx_word' id='word_1_481' title='bbox 1126 3970 1245 4042; x_wconf 89' lang='lat' dir='ltr'><strong>omisit,</strong></span> <span class='ocrx_word' id='word_1_482' title='bbox 1259 3983 1288 4028; x_wconf 92' lang='lat' dir='ltr'><strong>et</strong></span> <span class='ocrx_word' id='word_1_483' title='bbox 1300 3970 1434 4047; x_wconf 90' lang='lat' dir='ltr'><strong>quidem,</strong></span> <span class='ocrx_word' id='word_1_484' title='bbox 1451 3982 1556 4046; x_wconf 84' lang='lat' dir='ltr'><strong>praeter</strong></span> <span class='ocrx_word' id='word_1_485' title='bbox 1561 3973 1700 4046; x_wconf 85' lang='lat' dir='ltr'><strong>puerilem</strong></span> <span class='ocrx_word' id='word_1_486' title='bbox 1712 3974 1777 4028; x_wconf 86' lang='lat' dir='ltr'><strong>Mn·</strong></span> 
     </span>
     <span class='ocr_line' id='line_1_42' title="bbox 164 4056 1777 4136; baseline -0.001 -19"><span class='ocrx_word' id='word_1_487' title='bbox 164 4058 244 4135; x_wconf 90' lang='lat' dir='ltr'><strong>quod</strong></span> <span class='ocrx_word' id='word_1_488' title='bbox 269 4057 389 4136; x_wconf 87' lang='lat' dir='ltr'><strong>corpori</strong></span> <span class='ocrx_word' id='word_1_489' title='bbox 410 4076 427 4114; x_wconf 90' lang='lat' dir='ltr'><strong>a</strong></span> <span class='ocrx_word' id='word_1_490' title='bbox 446 4075 477 4114; x_wconf 91' lang='lat' dir='ltr'><strong>se</strong></span> <span class='ocrx_word' id='word_1_491' title='bbox 492 4057 631 4132; x_wconf 87' lang='lat' dir='ltr'><strong>conflato,</strong></span> <span class='ocrx_word' id='word_1_492' title='bbox 656 4069 688 4114; x_wconf 93' lang='lat' dir='ltr'><strong>nt</strong></span> <span class='ocrx_word' id='word_1_493' title='bbox 706 4056 851 4133; x_wconf 86' lang='lat' dir='ltr'><strong>Meleager</strong></span> <span class='ocrx_word' id='word_1_494' title='bbox 875 4058 946 4115; x_wconf 93' lang='lat' dir='ltr'><strong>olim</strong></span> <span class='ocrx_word' id='word_1_495' title='bbox 994 4081 1054 4117; x_wconf 86' lang='lat' dir='ltr'><strong>snm</strong></span> <span class='ocrx_word' id='word_1_496' title='bbox 1086 4059 1246 4131; x_wconf 89' lang='lat' dir='ltr'><strong>Stratonis,</strong></span> <span class='ocrx_word' id='word_1_497' title='bbox 1272 4058 1372 4117; x_wconf 88' lang='lat' dir='ltr'><strong>omnia</strong></span> <span class='ocrx_word' id='word_1_498' title='bbox 1398 4078 1462 4135; x_wconf 88' lang='lat' dir='ltr'><strong>quae</strong></span> <span class='ocrx_word' id='word_1_499' title='bbox 1487 4056 1653 4116; x_wconf 87' lang='lat' dir='ltr'><strong>lascivioris</strong></span> <span class='ocrx_word' id='word_1_500' title='bbox 1680 4071 1777 4116; x_wconf 87' lang='lat' dir='ltr'><strong>essent</strong></span> 
     </span>
     <span class='ocr_line' id='line_1_43' title="bbox 164 4142 1776 4224; baseline -0.002 -21"><span class='ocrx_word' id='word_1_501' title='bbox 164 4158 193 4204; x_wconf 93' lang='lat' dir='ltr'><strong>et</strong></span> <span class='ocrx_word' id='word_1_502' title='bbox 211 4142 366 4223; x_wconf 83' lang='lat' dir='ltr'><strong>Philippus</strong></span> <span class='ocrx_word' id='word_1_503' title='bbox 380 4152 488 4202; x_wconf 84' lang='lat' dir='ltr'><strong>coronis</strong></span> <span class='ocrx_word' id='word_1_504' title='bbox 502 4146 579 4217; x_wconf 90' lang='lat' dir='ltr'><strong>suis,</strong></span> <span class='ocrx_word' id='word_1_505' title='bbox 595 4145 722 4222; x_wconf 81' lang='lat' dir='ltr'><strong>praefixit</strong></span> <span class='ocrx_word' id='word_1_506' title='bbox 738 4143 783 4224; x_wconf 80' lang='lat'><strong>(*).</strong></span> <span class='ocrx_word' id='word_1_507' title='bbox 995 4146 1174 4222; x_wconf 90' lang='lat' dir='ltr'><strong>argumenti,</strong></span> <span class='ocrx_word' id='word_1_508' title='bbox 1202 4159 1263 4204; x_wconf 89' lang='lat' dir='ltr'><strong>tum</strong></span> <span class='ocrx_word' id='word_1_509' title='bbox 1288 4164 1353 4221; x_wconf 89' lang='lat' dir='ltr'><strong>quae</strong></span> <span class='ocrx_word' id='word_1_510' title='bbox 1384 4142 1423 4201; x_wconf 93' lang='lat' dir='ltr'><strong>ob</strong></span> <span class='ocrx_word' id='word_1_511' title='bbox 1447 4147 1598 4219; x_wconf 87' lang='lat' dir='ltr'><strong>graviores</strong></span> <span class='ocrx_word' id='word_1_512' title='bbox 1626 4142 1776 4218; x_wconf 81' lang='lat' dir='ltr'><strong>scripturae</strong></span> 
     </span>
    </p>

    <p class='ocr_par' dir='ltr' id='par_1_4' title="bbox 164 4227 1777 4576">
     <span class='ocr_line' id='line_1_44' title="bbox 203 4227 1775 4311; baseline -0.003 -20"><span class='ocrx_word' id='word_1_513' title='bbox 203 4234 300 4303; x_wconf 86' lang='lat' dir='ltr'><strong>Quum</strong></span> <span class='ocrx_word' id='word_1_514' title='bbox 312 4232 392 4311; x_wconf 84' lang='lat' dir='ltr'><strong>jam,</strong></span> <span class='ocrx_word' id='word_1_515' title='bbox 408 4244 512 4311; x_wconf 82' lang='lat' dir='ltr'><strong>praeter</strong></span> <span class='ocrx_word' id='word_1_516' title='bbox 527 4233 668 4291; x_wconf 91' lang='lat' dir='ltr'><strong>Stratonis</strong></span> <span class='ocrx_word' id='word_1_517' title='bbox 690 4245 718 4290; x_wconf 90' lang='lat' dir='ltr'><strong>et</strong></span> <span class='ocrx_word' id='word_1_518' title='bbox 731 4233 871 4308; x_wconf 89' lang='lat' dir='ltr'><strong>Diogenis</strong></span> <span class='ocrx_word' id='word_1_519' title='bbox 887 4233 947 4290; x_wconf 89' lang='lat' dir='ltr'><strong>col·</strong></span> <span class='ocrx_word' id='word_1_520' title='bbox 995 4234 1219 4311; x_wconf 88' lang='lat' dir='ltr'><strong>depravationes</strong></span> <span class='ocrx_word' id='word_1_521' title='bbox 1243 4231 1320 4289; x_wconf 90' lang='lat' dir='ltr'><strong>haud</strong></span> <span class='ocrx_word' id='word_1_522' title='bbox 1342 4231 1427 4289; x_wconf 80' lang='lat' dir='ltr'><strong>facile</strong></span> <span class='ocrx_word' id='word_1_523' title='bbox 1448 4242 1568 4308; x_wconf 90' lang='lat' dir='ltr'><strong>possent</strong></span> <span class='ocrx_word' id='word_1_524' title='bbox 1588 4229 1722 4303; x_wconf 88' lang='lat' dir='ltr'><strong>intelligi.</strong></span> <span class='ocrx_word' id='word_1_525' title='bbox 1744 4227 1775 4287; x_wconf 88' lang='lat' dir='ltr'><strong>Si</strong></span> 
     </span>
     <span class='ocr_line' id='line_1_45' title="bbox 165 4314 1776 4399; baseline -0.005 -20"><span class='ocrx_word' id='word_1_526' title='bbox 165 4322 323 4395; x_wconf 85' lang='lat' dir='ltr'><strong>lectiones,</strong></span> <span class='ocrx_word' id='word_1_527' title='bbox 339 4321 395 4380; x_wconf 88' lang='lat' dir='ltr'><strong>tria</strong></span> <span class='ocrx_word' id='word_1_528' title='bbox 409 4333 556 4380; x_wconf 90' lang='lat' dir='ltr'><strong>exstarent</strong></span> <span class='ocrx_word' id='word_1_529' title='bbox 569 4321 811 4399; x_wconf 88' lang='lat' dir='ltr'><strong>epigrammatum</strong></span> <span class='ocrx_word' id='word_1_530' title='bbox 828 4320 947 4380; x_wconf 83' lang='lat' dir='ltr'><strong>Florile·</strong></span> <span class='ocrx_word' id='word_1_531' title='bbox 994 4319 1066 4395; x_wconf 89' lang='lat' dir='ltr'><strong>quid</strong></span> <span class='ocrx_word' id='word_1_532' title='bbox 1081 4332 1176 4376; x_wconf 87' lang='lat' dir='ltr'><strong>autem</strong></span> <span class='ocrx_word' id='word_1_533' title='bbox 1197 4318 1244 4376; x_wconf 90' lang='lat' dir='ltr'><strong>vel</strong></span> <span class='ocrx_word' id='word_1_534' title='bbox 1260 4336 1297 4374; x_wconf 88' lang='lat' dir='ltr'><strong>ex</strong></span> <span class='ocrx_word' id='word_1_535' title='bbox 1315 4316 1372 4374; x_wconf 91' lang='lat' dir='ltr'><strong>hoc</strong></span> <span class='ocrx_word' id='word_1_536' title='bbox 1386 4316 1433 4373; x_wconf 92' lang='lat' dir='ltr'><strong>vel</strong></span> <span class='ocrx_word' id='word_1_537' title='bbox 1454 4333 1491 4371; x_wconf 90' lang='lat' dir='ltr'><strong>ex</strong></span> <span class='ocrx_word' id='word_1_538' title='bbox 1512 4314 1603 4371; x_wconf 91' lang='lat' dir='ltr'><strong>altero</strong></span> <span class='ocrx_word' id='word_1_539' title='bbox 1618 4330 1723 4387; x_wconf 88' lang='lat' dir='ltr'><strong>genere</strong></span> <span class='ocrx_word' id='word_1_540' title='bbox 1744 4314 1776 4371; x_wconf 91' lang='lat' dir='ltr'><strong>in</strong></span> 
     </span>
     <span class='ocr_line' id='line_1_46' title="bbox 164 4397 1777 4489; baseline -0.007 -20"><span class='ocrx_word' id='word_1_541' title='bbox 164 4409 229 4486; x_wconf 86' lang='lat' dir='ltr'><strong>gia,</strong></span> <span class='ocrx_word' id='word_1_542' title='bbox 243 4409 480 4487; x_wconf 80' lang='lat' dir='ltr'><strong>antiquissimum</strong></span> <span class='ocrx_word' id='word_1_543' title='bbox 493 4423 586 4489; x_wconf 82' lang='lat' dir='ltr'><strong>poetae</strong></span> <span class='ocrx_word' id='word_1_544' title='bbox 595 4408 742 4468; x_wconf 88' lang='lat' dir='ltr'><strong>Gadareni</strong></span> <span class='ocrx_word' id='word_1_545' title='bbox 752 4454 760 4483; x_wconf 97' lang='lat'><strong>,</strong></span> <span class='ocrx_word' id='word_1_546' title='bbox 770 4409 866 4468; x_wconf 90' lang='lat' dir='ltr'><strong>etduo</strong></span> <span class='ocrx_word' id='word_1_547' title='bbox 878 4409 946 4485; x_wconf 85' lang='lat' dir='ltr'><strong>alia,</strong></span> <span class='ocrx_word' id='word_1_548' title='bbox 994 4405 1127 4463; x_wconf 90' lang='lat' dir='ltr'><strong>ordinem</strong></span> <span class='ocrx_word' id='word_1_549' title='bbox 1143 4406 1268 4482; x_wconf 89' lang='lat' dir='ltr'><strong>recepit,</strong></span> <span class='ocrx_word' id='word_1_550' title='bbox 1278 4405 1310 4460; x_wconf 92' lang='lat' dir='ltr'><strong>in</strong></span> <span class='ocrx_word' id='word_1_551' title='bbox 1320 4402 1366 4461; x_wconf 90' lang='lat' dir='ltr'><strong>his</strong></span> <span class='ocrx_word' id='word_1_552' title='bbox 1378 4401 1551 4477; x_wconf 91' lang='lat' dir='ltr'><strong>plerumque</strong></span> <span class='ocrx_word' id='word_1_553' title='bbox 1563 4397 1654 4457; x_wconf 87' lang='lat' dir='ltr'><strong>verba</strong></span> <span class='ocrx_word' id='word_1_554' title='bbox 1668 4398 1777 4458; x_wconf 82' lang='lat' dir='ltr'><strong>lasciva</strong></span> 
     </span>
     <span class='ocr_line' id='line_1_47' title="bbox 165 4487 1776 4576; baseline -0.006 -20"><span class='ocrx_word' id='word_1_555' title='bbox 165 4497 253 4576; x_wconf 87' lang='lat' dir='ltr'><strong>hujus</strong></span> <span class='ocrx_word' id='word_1_556' title='bbox 269 4511 405 4574; x_wconf 85' lang='lat' dir='ltr'><strong>tanquam</strong></span> <span class='ocrx_word' id='word_1_557' title='bbox 429 4498 647 4576; x_wconf 88' lang='lat' dir='ltr'><strong>supplementa,</strong></span> <span class='ocrx_word' id='word_1_558' title='bbox 667 4497 799 4576; x_wconf 86' lang='lat' dir='ltr'><strong>Philippi</strong></span> <span class='ocrx_word' id='word_1_559' title='bbox 820 4510 848 4555; x_wconf 90' lang='lat' dir='ltr'><strong>et</strong></span> <span class='ocrx_word' id='word_1_560' title='bbox 875 4502 949 4573; x_wconf 77' lang='lat' dir='ltr'><strong>Aga·</strong></span> <span class='ocrx_word' id='word_1_561' title='bbox 994 4507 1023 4554; x_wconf 86' lang='lat' dir='ltr'><strong>et</strong></span> <span class='ocrx_word' id='word_1_562' title='bbox 1037 4493 1163 4552; x_wconf 88' lang='lat' dir='ltr'><strong>obscena</strong></span> <span class='ocrx_word' id='word_1_563' title='bbox 1179 4510 1243 4550; x_wconf 91' lang='lat' dir='ltr'><strong>cum</strong></span> <span class='ocrx_word' id='word_1_564' title='bbox 1258 4488 1435 4549; x_wconf 90' lang='lat' dir='ltr'><strong>castioribus</strong></span> <span class='ocrx_word' id='word_1_565' title='bbox 1453 4488 1660 4561; x_wconf 89' lang='lat' dir='ltr'><strong>commutavit,</strong></span> <span class='ocrx_word' id='word_1_566' title='bbox 1676 4487 1708 4546; x_wconf 92' lang='lat' dir='ltr'><strong>in</strong></span> <span class='ocrx_word' id='word_1_567' title='bbox 1723 4487 1776 4546; x_wconf 92' lang='lat' dir='ltr'><strong>de·</strong></span> 
     </span>
    </p>
   </div>
   <div class='ocr_carea' id='block_1_4' title="bbox 165 4577 1778 4750">
    <p class='ocr_par' dir='ltr' id='par_1_5' title="bbox 165 4577 1778 4750">
     <span class='ocr_line' id='line_1_48' title="bbox 165 4577 1778 4664; baseline -0.006 -20"><span class='ocrx_word' id='word_1_568' title='bbox 165 4586 251 4664; x_wconf 84' lang='lat' dir='ltr'><strong>thiae,</strong></span> <span class='ocrx_word' id='word_1_569' title='bbox 266 4587 353 4645; x_wconf 86' lang='lat' dir='ltr'><strong>lertio</strong></span> <span class='ocrx_word' id='word_1_570' title='bbox 367 4598 434 4664; x_wconf 87' lang='lat' dir='ltr'><strong>post</strong></span> <span class='ocrx_word' id='word_1_571' title='bbox 446 4585 597 4662; x_wconf 78' lang='lat' dir='ltr'><strong>rigathiam</strong></span> <span class='ocrx_word' id='word_1_572' title='bbox 610 4586 733 4658; x_wconf 84' lang='lat' dir='ltr'><strong>saeculo,</strong></span> <span class='ocrx_word' id='word_1_573' title='bbox 745 4606 803 4663; x_wconf 90' lang='lat' dir='ltr'><strong>quo</strong></span> <span class='ocrx_word' id='word_1_574' title='bbox 818 4598 948 4663; x_wconf 90' lang='lat' dir='ltr'><strong>tempore</strong></span> <span class='ocrx_word' id='word_1_575' title='bbox 994 4581 1125 4662; x_wconf 87' lang='lat' dir='ltr'><strong>praratis</strong></span> <span class='ocrx_word' id='word_1_576' title='bbox 1142 4593 1237 4638; x_wconf 89' lang='lat' dir='ltr'><strong>autem</strong></span> <span class='ocrx_word' id='word_1_577' title='bbox 1261 4577 1352 4637; x_wconf 86' lang='lat' dir='ltr'><strong>rerba</strong></span> <span class='ocrx_word' id='word_1_578' title='bbox 1373 4589 1513 4654; x_wconf 88' lang='lat' dir='ltr'><strong>corrupta</strong></span> <span class='ocrx_word' id='word_1_579' title='bbox 1538 4589 1587 4635; x_wconf 89' lang='lat' dir='ltr'><strong>aut</strong></span> <span class='ocrx_word' id='word_1_580' title='bbox 1608 4577 1708 4636; x_wconf 89' lang='lat' dir='ltr'><strong>omisit</strong></span> <span class='ocrx_word' id='word_1_581' title='bbox 1728 4589 1778 4635; x_wconf 88' lang='lat' dir='ltr'><strong>ant</strong></span> 
     </span>
     <span class='ocr_line' id='line_1_49' title="bbox 995 4664 1772 4750; baseline -0.005 -21"><span class='ocrx_word' id='word_1_582' title='bbox 995 4692 1049 4750; x_wconf 88' lang='lat' dir='ltr'><strong>pro</strong></span> <span class='ocrx_word' id='word_1_583' title='bbox 1076 4669 1158 4728; x_wconf 87' lang='lat' dir='ltr'><strong>virili</strong></span> <span class='ocrx_word' id='word_1_584' title='bbox 1189 4687 1241 4726; x_wconf 89' lang='lat' dir='ltr'><strong>sua</strong></span> <span class='ocrx_word' id='word_1_585' title='bbox 1272 4679 1356 4745; x_wconf 86' lang='lat' dir='ltr'><strong>parte</strong></span> <span class='ocrx_word' id='word_1_586' title='bbox 1386 4664 1541 4724; x_wconf 89' lang='lat' dir='ltr'><strong>emendare</strong></span> <span class='ocrx_word' id='word_1_587' title='bbox 1568 4678 1687 4723; x_wconf 89' lang='lat' dir='ltr'><strong>conatus</strong></span> <span class='ocrx_word' id='word_1_588' title='bbox 1721 4678 1772 4726; x_wconf 89' lang='lat' dir='ltr'><strong>est.</strong></span> 
     </span>
    </p>
   </div>
   <div class='ocr_carea' id='block_1_5' title="bbox 195 4732 1777 4829">
    <p class='ocr_par' dir='ltr' id='par_1_6' title="bbox 195 4732 1777 4829">
     <span class='ocr_line' id='line_1_50' title="bbox 195 4732 1777 4829; baseline 0.001 -20"><span class='ocrx_word' id='word_1_589' title='bbox 195 4736 228 4798; x_wconf 61' lang='grc' dir='ltr'><strong>(Ἴ</strong></span> <span class='ocrx_word' id='word_1_590' title='bbox 251 4733 386 4798; x_wconf 58' lang='lat' dir='ltr'><strong>[lddffida</strong></span> <span class='ocrx_word' id='word_1_591' title='bbox 398 4737 438 4784; x_wconf 61' lang='lat' dir='ltr'><strong>“t</strong></span> <span class='ocrx_word' id='word_1_592' title='bbox 456 4733 578 4785; x_wconf 53' lang='lat' dir='ltr'><strong>mum</strong></span> <span class='ocrx_word' id='word_1_593' title='bbox 597 4733 770 4785; x_wconf 38' lang='lat' dir='ltr'><strong>“muudi“</strong></span> <span class='ocrx_word' id='word_1_594' title='bbox 787 4732 946 4796; x_wconf 52' lang='lat' dir='ltr'><strong>“Pissmmm*</strong></span> <span class='ocrx_word' id='word_1_595' title='bbox 993 4759 1090 4829; x_wconf 84' lang='lat' dir='ltr'><strong>Quum</strong></span> <span class='ocrx_word' id='word_1_596' title='bbox 1113 4768 1208 4815; x_wconf 87' lang='lat' dir='ltr'><strong>autem</strong></span> <span class='ocrx_word' id='word_1_597' title='bbox 1232 4768 1366 4813; x_wconf 90' lang='lat' dir='ltr'><strong>neutrum</strong></span> <span class='ocrx_word' id='word_1_598' title='bbox 1391 4754 1496 4812; x_wconf 90' lang='lat' dir='ltr'><strong>horum</strong></span> <span class='ocrx_word' id='word_1_599' title='bbox 1520 4753 1548 4811; x_wconf 88' lang='lat' dir='ltr'><strong>ei</strong></span> <span class='ocrx_word' id='word_1_600' title='bbox 1562 4753 1633 4811; x_wconf 89' lang='lat' dir='ltr'><strong>satis</strong></span> <span class='ocrx_word' id='word_1_601' title='bbox 1655 4752 1777 4811; x_wconf 85' lang='lat' dir='ltr'><strong>feliciter</strong></span> 
     </span>
    </p>
   </div>
   <div class='ocr_carea' id='block_1_6' title="bbox 163 4801 1777 5219">
    <p class='ocr_par' dir='ltr' id='par_1_7' title="bbox 163 4801 1777 5219">
     <span class='ocr_line' id='line_1_51' title="bbox 164 4801 946 4869; baseline -0.006 -13"><span class='ocrx_word' id='word_1_602' title='bbox 164 4809 218 4856; x_wconf 89' lang='lat' dir='ltr'><strong>tum</strong></span> <span class='ocrx_word' id='word_1_603' title='bbox 229 4805 341 4856; x_wconf 78' lang='lat' dir='ltr'><strong>mllectio</strong></span> <span class='ocrx_word' id='word_1_604' title='bbox 350 4842 356 4864; x_wconf 86' lang='lat'>‚</span> <span class='ocrx_word' id='word_1_605' title='bbox 364 4804 397 4856; x_wconf 89' lang='lat' dir='ltr'><strong>de</strong></span> <span class='ocrx_word' id='word_1_606' title='bbox 407 4818 458 4869; x_wconf 89' lang='lat' dir='ltr'><strong>qua</strong></span> <span class='ocrx_word' id='word_1_607' title='bbox 471 4804 528 4855; x_wconf 87' lang='lat' dir='ltr'><strong>vide</strong></span> <span class='ocrx_word' id='word_1_608' title='bbox 537 4805 676 4855; x_wconf 85' lang='lat' dir='ltr'><strong>lleelerum</strong></span> <span class='ocrx_word' id='word_1_609' title='bbox 689 4804 721 4855; x_wconf 85' lang='lat' dir='ltr'><strong>ad</strong></span> <span class='ocrx_word' id='word_1_610' title='bbox 733 4818 787 4868; x_wconf 88' lang='lat' dir='ltr'><strong>cap.</strong></span> <span class='ocrx_word' id='word_1_611' title='bbox 803 4805 861 4866; x_wconf 85' lang='lat' dir='ltr'><strong>llll,</strong></span> <span class='ocrx_word' id='word_1_612' title='bbox 872 4801 946 4866; x_wconf 82' lang='lat' dir='ltr'><strong>epigr.</strong></span> 
     </span>
     <span class='ocr_line' id='line_1_52' title="bbox 164 4873 948 4938; baseline -0.004 -13"><span class='ocrx_word' id='word_1_613' title='bbox 164 4879 220 4936; x_wconf 78' lang='grc'><strong>559,</strong></span> <span class='ocrx_word' id='word_1_614' title='bbox 230 4873 293 4924; x_wconf 83' lang='lat' dir='ltr'><strong>inira</strong></span> <span class='ocrx_word' id='word_1_615' title='bbox 306 4887 332 4938; x_wconf 88' lang='lat' dir='ltr'><strong>p.</strong></span> <span class='ocrx_word' id='word_1_616' title='bbox 343 4878 398 4926; x_wconf 77' lang='grc'><strong>455.</strong></span> <span class='ocrx_word' id='word_1_617' title='bbox 411 4875 492 4925; x_wconf 83' lang='lat' dir='ltr'><strong>Etiam</strong></span> <span class='ocrx_word' id='word_1_618' title='bbox 502 4874 625 4925; x_wconf 70' lang='lat' dir='ltr'><strong>temtus</strong></span> <span class='ocrx_word' id='word_1_619' title='bbox 635 4874 810 4927; x_wconf 73' lang='lat' dir='ltr'><strong>Alexandrini</strong></span> <span class='ocrx_word' id='word_1_620' title='bbox 824 4874 948 4936; x_wconf 67' lang='lat' dir='ltr'><strong>tertiani</strong></span> 
     </span>
     <span class='ocr_line' id='line_1_53' title="bbox 163 4937 1777 5010; baseline -0.004 -16"><span class='ocrx_word' id='word_1_621' title='bbox 163 4947 190 4994; x_wconf 92' lang='lat' dir='ltr'><strong>et</strong></span> <span class='ocrx_word' id='word_1_622' title='bbox 203 4944 339 4995; x_wconf 81' lang='lat' dir='ltr'><strong>Nicodeml</strong></span> <span class='ocrx_word' id='word_1_623' title='bbox 357 4946 518 4997; x_wconf 75' lang='lat' dir='ltr'><strong>Heracleotes</strong></span> <span class='ocrx_word' id='word_1_624' title='bbox 528 4944 728 5010; x_wconf 71' lang='grc' dir='ltr'><strong>ἀντιστρεφόντων</strong></span> <span class='ocrx_word' id='word_1_625' title='bbox 737 4945 893 4996; x_wconf 83' lang='lat' dir='ltr'><strong>collectiones</strong></span> <span class='ocrx_word' id='word_1_626' title='bbox 905 4958 947 4996; x_wconf 83' lang='lat' dir='ltr'><strong>ex·</strong></span> <span class='ocrx_word' id='word_1_627' title='bbox 1026 4942 1059 5008; x_wconf 52' lang='grc' dir='ltr'><strong>(ί)</strong></span> <span class='ocrx_word' id='word_1_628' title='bbox 1078 4941 1138 5009; x_wconf 83' lang='lat' dir='ltr'><strong>[Sui</strong></span> <span class='ocrx_word' id='word_1_629' title='bbox 1154 4941 1242 4992; x_wconf 78' lang='lat' dir='ltr'><strong>tundis</strong></span> <span class='ocrx_word' id='word_1_630' title='bbox 1262 4940 1404 4991; x_wconf 84' lang='lat' dir='ltr'><strong>llarduiuus</strong></span> <span class='ocrx_word' id='word_1_631' title='bbox 1418 4939 1444 4989; x_wconf 92' lang='lat' dir='ltr'><strong>iu</strong></span> <span class='ocrx_word' id='word_1_632' title='bbox 1460 4938 1500 4989; x_wconf 79' lang='lat' dir='ltr'><strong>llis</strong></span> <span class='ocrx_word' id='word_1_633' title='bbox 1521 4952 1578 5001; x_wconf 79' lang='lat' dir='ltr'><strong>qnae</strong></span> <span class='ocrx_word' id='word_1_634' title='bbox 1593 4937 1715 4989; x_wconf 87' lang='lat' dir='ltr'><strong>Buherius</strong></span> <span class='ocrx_word' id='word_1_635' title='bbox 1731 4951 1777 4988; x_wconf 88' lang='lat' dir='ltr'><strong>sno</strong></span> 
     </span>
     <span class='ocr_line' id='line_1_54' title="bbox 164 5008 1775 5079; baseline -0.004 -17"><span class='ocrx_word' id='word_1_636' title='bbox 164 5011 257 5063; x_wconf 83' lang='lat' dir='ltr'><strong>stitisse</strong></span> <span class='ocrx_word' id='word_1_637' title='bbox 269 5012 399 5078; x_wconf 80' lang='lat' dir='ltr'><strong>ridentur,</strong></span> <span class='ocrx_word' id='word_1_638' title='bbox 412 5014 444 5066; x_wconf 85' lang='lat' dir='ltr'><strong>do</strong></span> <span class='ocrx_word' id='word_1_639' title='bbox 457 5012 548 5079; x_wconf 87' lang='lat' dir='ltr'><strong>quibus</strong></span> <span class='ocrx_word' id='word_1_640' title='bbox 563 5013 692 5077; x_wconf 79' lang='lat' dir='ltr'><strong>Weignnd.</strong></span> <span class='ocrx_word' id='word_1_641' title='bbox 704 5028 730 5078; x_wconf 88' lang='lat' dir='ltr'><strong>p.</strong></span> <span class='ocrx_word' id='word_1_642' title='bbox 744 5019 799 5075; x_wconf 81' lang='grc'><strong>555,</strong></span> <span class='ocrx_word' id='word_1_643' title='bbox 810 5020 865 5064; x_wconf 87' lang='grc'><strong>555.</strong></span> <span class='ocrx_word' id='word_1_644' title='bbox 878 5012 948 5065; x_wconf 84' lang='lat' dir='ltr'><strong>ltlem</strong></span> <span class='ocrx_word' id='word_1_645' title='bbox 993 5013 1104 5077; x_wconf 84' lang='lat' dir='ltr'><strong>exemplo</strong></span> <span class='ocrx_word' id='word_1_646' title='bbox 1118 5010 1247 5075; x_wconf 85' lang='lat' dir='ltr'><strong>adscripsit</strong></span> <span class='ocrx_word' id='word_1_647' title='bbox 1261 5026 1270 5063; x_wconf 77' lang='lat' dir='ltr'><strong>a</strong></span> <span class='ocrx_word' id='word_1_648' title='bbox 1287 5030 1299 5054; x_wconf 73' lang='lat' dir='ltr'><strong>s</strong></span> <span class='ocrx_word' id='word_1_649' title='bbox 1313 5008 1447 5061; x_wconf 87' lang='lat' dir='ltr'><strong>Planudem</strong></span> <span class='ocrx_word' id='word_1_650' title='bbox 1459 5008 1613 5071; x_wconf 70' lang='lat' dir='ltr'><strong>anthologia</strong></span> <span class='ocrx_word' id='word_1_651' title='bbox 1629 5021 1678 5058; x_wconf 91' lang='lat' dir='ltr'><strong>non</strong></span> <span class='ocrx_word' id='word_1_652' title='bbox 1689 5021 1775 5071; x_wconf 89' lang='lat' dir='ltr'><strong>repur-</strong></span> 
     </span>
     <span class='ocr_line' id='line_1_55' title="bbox 163 5078 1777 5150; baseline -0.004 -17"><span class='ocrx_word' id='word_1_653' title='bbox 163 5082 196 5133; x_wconf 88' lang='lat' dir='ltr'><strong>do</strong></span> <span class='ocrx_word' id='word_1_654' title='bbox 208 5086 327 5147; x_wconf 70' lang='lat' dir='ltr'><strong>Gregorii</strong></span> <span class='ocrx_word' id='word_1_655' title='bbox 337 5086 460 5149; x_wconf 74' lang='lat' dir='ltr'><strong>llapistrt</strong></span> <span class='ocrx_word' id='word_1_656' title='bbox 476 5082 663 5150; x_wconf 77' lang='lat' dir='ltr'><strong>inscriptionum</strong></span> <span class='ocrx_word' id='word_1_657' title='bbox 677 5097 692 5134; x_wconf 84' lang='lat' dir='ltr'><strong>a</strong></span> <span class='ocrx_word' id='word_1_658' title='bbox 707 5097 734 5135; x_wconf 88' lang='lat' dir='ltr'><strong>se</strong></span> <span class='ocrx_word' id='word_1_659' title='bbox 750 5084 836 5135; x_wconf 84' lang='lat' dir='ltr'><strong>multis</strong></span> <span class='ocrx_word' id='word_1_660' title='bbox 850 5085 874 5135; x_wconf 90' lang='lat' dir='ltr'><strong>iu</strong></span> <span class='ocrx_word' id='word_1_661' title='bbox 886 5084 948 5135; x_wconf 86' lang='lat' dir='ltr'><strong>locis</strong></span> <span class='ocrx_word' id='word_1_662' title='bbox 994 5087 1104 5150; x_wconf 82' lang='lat' dir='ltr'><strong>gatorem</strong></span> <span class='ocrx_word' id='word_1_663' title='bbox 1114 5084 1210 5133; x_wconf 81' lang='lat' dir='ltr'><strong>lantum</strong></span> <span class='ocrx_word' id='word_1_664' title='bbox 1220 5120 1227 5145; x_wconf 89' lang='lat'><strong>,</strong></span> <span class='ocrx_word' id='word_1_665' title='bbox 1237 5084 1267 5131; x_wconf 90' lang='lat' dir='ltr'><strong>nt</strong></span> <span class='ocrx_word' id='word_1_666' title='bbox 1280 5081 1355 5144; x_wconf 82' lang='lat' dir='ltr'><strong>vulgo</strong></span> <span class='ocrx_word' id='word_1_667' title='bbox 1372 5081 1475 5145; x_wconf 84' lang='lat' dir='ltr'><strong>putant,</strong></span> <span class='ocrx_word' id='word_1_668' title='bbox 1493 5078 1536 5129; x_wconf 88' lang='lat' dir='ltr'><strong>sed</strong></span> <span class='ocrx_word' id='word_1_669' title='bbox 1550 5078 1634 5129; x_wconf 77' lang='lat' dir='ltr'><strong>serius</strong></span> <span class='ocrx_word' id='word_1_670' title='bbox 1649 5081 1777 5128; x_wconf 89' lang='lat' dir='ltr'><strong>auctorem</strong></span> 
     </span>
     <span class='ocr_line' id='line_1_56' title="bbox 164 5147 1775 5219; baseline -0.003 -17"><span class='ocrx_word' id='word_1_671' title='bbox 164 5157 318 5216; x_wconf 80' lang='lat' dir='ltr'><strong>repertarum</strong></span> <span class='ocrx_word' id='word_1_672' title='bbox 326 5155 469 5207; x_wconf 71' lang='lat' dir='ltr'><strong>collemmne</strong></span> <span class='ocrx_word' id='word_1_673' title='bbox 486 5153 550 5206; x_wconf 83' lang='lat' dir='ltr'><strong>dixit</strong></span> <span class='ocrx_word' id='word_1_674' title='bbox 566 5168 591 5219; x_wconf 89' lang='lat' dir='ltr'><strong>p.</strong></span> <span class='ocrx_word' id='word_1_675' title='bbox 610 5158 666 5217; x_wconf 80' lang='lat' dir='ltr'><strong>tsi,</strong></span> <span class='ocrx_word' id='word_1_676' title='bbox 681 5168 738 5205; x_wconf 88' lang='lat' dir='ltr'><strong>eum</strong></span> <span class='ocrx_word' id='word_1_677' title='bbox 752 5155 861 5206; x_wconf 87' lang='lat' dir='ltr'><strong>lleclero</strong></span> <span class='ocrx_word' id='word_1_678' title='bbox 873 5156 947 5206; x_wconf 79' lang='lat' dir='ltr'><strong>com-</strong></span> <span class='ocrx_word' id='word_1_679' title='bbox 995 5154 1111 5205; x_wconf 84' lang='lat' dir='ltr'><strong>credehat</strong></span> <span class='ocrx_word' id='word_1_680' title='bbox 1128 5154 1168 5203; x_wconf 85' lang='lat' dir='ltr'><strong>lo.</strong></span> <span class='ocrx_word' id='word_1_681' title='bbox 1183 5151 1325 5203; x_wconf 87' lang='lat' dir='ltr'><strong>llarduinus</strong></span> <span class='ocrx_word' id='word_1_682' title='bbox 1332 5187 1340 5214; x_wconf 91' lang='lat'><strong>,</strong></span> <span class='ocrx_word' id='word_1_683' title='bbox 1355 5153 1410 5201; x_wconf 81' lang='lat' dir='ltr'><strong>Soa.</strong></span> <span class='ocrx_word' id='word_1_684' title='bbox 1422 5151 1473 5200; x_wconf 84' lang='lat' dir='ltr'><strong>les.</strong></span> <span class='ocrx_word' id='word_1_685' title='bbox 1492 5147 1556 5199; x_wconf 83' lang='lat' dir='ltr'><strong>Vide</strong></span> <span class='ocrx_word' id='word_1_686' title='bbox 1574 5147 1628 5209; x_wconf 85' lang='lat' dir='ltr'><strong>ejus</strong></span> <span class='ocrx_word' id='word_1_687' title='bbox 1642 5151 1714 5211; x_wconf 87' lang='lat' dir='ltr'><strong>oper.</strong></span> <span class='ocrx_word' id='word_1_688' title='bbox 1732 5150 1775 5197; x_wconf 88' lang='lat' dir='ltr'><strong>se·</strong></span> 
     </span>
    </p>
   </div>
   <div class='ocr_carea' id='block_1_7' title="bbox 165 5222 1203 5293">
    <p class='ocr_par' dir='ltr' id='par_1_8' title="bbox 165 5222 1203 5293">
     <span class='ocr_line' id='line_1_57' title="bbox 165 5222 1203 5293; baseline -0.002 -18"><span class='ocrx_word' id='word_1_689' title='bbox 165 5228 241 5279; x_wconf 72' lang='lat' dir='ltr'><strong>nent.</strong></span> <span class='ocrx_word' id='word_1_690' title='bbox 254 5228 309 5278; x_wconf 87' lang='lat' dir='ltr'><strong>crit.</strong></span> <span class='ocrx_word' id='word_1_691' title='bbox 324 5228 345 5290; x_wconf 91' lang='lat' dir='ltr'><strong>l,</strong></span> <span class='ocrx_word' id='word_1_692' title='bbox 357 5241 381 5291; x_wconf 89' lang='lat' dir='ltr'><strong>p.</strong></span> <span class='ocrx_word' id='word_1_693' title='bbox 397 5232 440 5278; x_wconf 84' lang='lat' dir='ltr'><strong>tos</strong></span> <span class='ocrx_word' id='word_1_694' title='bbox 449 5226 535 5293; x_wconf 84' lang='lat' dir='ltr'><strong>seqq]</strong></span> <span class='ocrx_word' id='word_1_695' title='bbox 995 5226 1050 5275; x_wconf 87' lang='lat' dir='ltr'><strong>leot.</strong></span> <span class='ocrx_word' id='word_1_696' title='bbox 1065 5238 1090 5288; x_wconf 86' lang='lat' dir='ltr'><strong>p.</strong></span> <span class='ocrx_word' id='word_1_697' title='bbox 1105 5227 1160 5274; x_wconf 81' lang='lat' dir='ltr'><strong>ist.</strong></span> <span class='ocrx_word' id='word_1_698' title='bbox 1173 5222 1203 5286; x_wconf 70' lang='lat' dir='ltr'><strong>a]</strong></span> 
     </span>
    </p>
   </div>
   <div class='ocr_carea' id='block_1_8' title="bbox 0 0 2004 5952">
    <p class='ocr_par' dir='ltr' id='par_1_9' title="bbox 0 0 2004 5952">
     <span class='ocr_line' id='line_1_58' title="bbox 0 0 2004 5952; baseline 0 1"><span class='ocrx_word' id='word_1_699' title='bbox 0 0 2004 5952; x_wconf 95' lang='lat' dir='ltr'><strong> </strong></span> 
     </span>
    </p>
   </div>
  </div>
 </body>
</html>
